,bid_prc1,bid_vol1,ask_prc1,ask_vol1,bid_prc2,bid_vol2,ask_prc2,ask_vol2,bid_prc3,bid_vol3,ask_prc3,ask_vol3,bid_prc4,bid_vol4,ask_prc4,ask_vol4,bid_prc5,bid_vol5,ask_prc5,ask_vol5,bid_prc6,bid_vol6,ask_prc6,ask_vol6,bid_prc7,bid_vol7,ask_prc7,ask_vol7,bid_prc8,bid_vol8,ask_prc8,ask_vol8,bid_prc9,bid_vol9,ask_prc9,ask_vol9,bid_prc10,bid_vol10,ask_prc10,ask_vol10,bid_prc11,bid_vol11,ask_prc11,ask_vol11,bid_prc12,bid_vol12,ask_prc12,ask_vol12,bid_prc13,bid_vol13,ask_prc13,ask_vol13,bid_prc14,bid_vol14,ask_prc14,ask_vol14,bid_prc15,bid_vol15,ask_prc15,ask_vol15,bid_prc16,bid_vol16,ask_prc16,ask_vol16,bid_prc17,bid_vol17,ask_prc17,ask_vol17,bid_prc18,bid_vol18,ask_prc18,ask_vol18,bid_prc19,bid_vol19,ask_prc19,ask_vol19,bid_prc20,bid_vol20,ask_prc20,ask_vol20,date
0,59221.38,0.0084,59225.35,0.03118,59219.71,0.00017,59225.41,0.07487,59219.7,0.00506,59225.42,0.018,59219.68,0.00748,59225.95,0.00012,59219.54,0.00012,59225.99,0.00852,59218.62,0.0001,59226.0,0.0319,59218.46,0.03952,59226.92,0.00012,59218.0,0.0319,59227.98,0.02515,59217.34,0.00012,59227.99,0.01871,59216.4,0.0001,59228.0,0.0319,59216.34,0.07323,59229.11,0.00012,59216.33,0.03994,59229.97,0.0001,59216.0,0.0319,59229.98,0.07977,59215.66,0.05012,59230.0,0.0319,59215.0,0.02533,59230.33,0.018,59214.8,0.00592,59230.46,0.018,59214.56,0.0001,59231.08,0.03922,59214.4,0.00012,59231.1,0.06753,59214.0,0.0336,59231.61,0.0001,59213.48,0.05034,59232.0,0.0336,2024-07-13 23:59:33.945000
1,59219.71,0.00017,59225.05,0.03118,59219.7,0.00506,59225.16,0.0001,59219.68,0.00748,59225.17,0.13997,59219.54,0.00012,59225.23,0.018,59219.48,0.04057,59225.42,0.018,59218.62,0.0001,59225.95,0.00012,59218.47,0.04291,59225.99,0.00842,59218.46,0.03952,59226.0,0.0319,59218.0,0.0319,59226.92,0.00012,59217.34,0.00012,59227.98,0.0001,59216.4,0.0001,59227.99,0.01871,59216.34,0.07323,59228.0,0.0319,59216.33,0.03994,59229.11,0.00012,59216.0,0.0319,59229.97,0.04788,59215.66,0.05012,59230.0,0.0319,59215.0,0.02533,59230.33,0.018,59214.8,0.00592,59230.96,0.00013,59214.56,0.0001,59231.08,0.03922,59214.4,0.00012,59231.1,0.06753,59214.0,0.0336,59231.61,0.0001,2024-07-13 23:59:34.045000
2,59219.71,0.00017,59224.81,0.03118,59219.7,0.00506,59224.87,0.09344,59219.68,0.00748,59224.93,0.018,59219.54,0.00012,59225.22,0.0001,59218.62,0.0001,59225.23,0.018,59218.47,0.04291,59225.42,0.018,59218.46,0.03952,59225.95,0.00012,59218.0,0.0319,59226.0,0.0319,59217.34,0.00012,59226.92,0.00012,59216.4,0.0001,59227.98,0.00518,59216.34,0.03014,59227.99,0.01024,59216.33,0.03994,59228.0,0.0319,59216.0,0.0319,59229.11,0.00012,59215.66,0.05012,59229.96,0.0001,59215.0,0.02533,59229.97,0.04788,59214.8,0.00592,59230.0,0.0319,59214.56,0.0001,59230.96,0.00013,59214.4,0.00012,59231.08,0.03922,59214.0,0.0336,59231.1,0.06753,59213.48,0.05034,59231.61,0.0001,2024-07-13 23:59:34.145000
3,59219.71,0.00017,59224.57,0.03118,59219.7,0.00506,59224.63,0.08504,59219.68,0.00748,59224.69,0.018,59219.54,0.00012,59224.92,0.0001,59219.38,0.04072,59224.93,0.018,59218.62,0.0001,59225.23,0.018,59218.47,0.04291,59225.95,0.00012,59218.46,0.03952,59226.0,0.0319,59218.0,0.0319,59226.92,0.00012,59217.34,0.00012,59227.98,0.00518,59216.4,0.0001,59227.99,0.01024,59216.34,0.03014,59228.0,0.0319,59216.33,0.03994,59228.77,0.0001,59216.0,0.0319,59228.78,0.04108,59215.0,0.02533,59229.11,0.00012,59214.8,0.00592,59229.97,0.04788,59214.56,0.0001,59230.0,0.0319,59214.4,0.00012,59230.96,0.00013,59214.0,0.0336,59231.08,0.03922,59213.37,0.00013,59231.1,0.06753,2024-07-13 23:59:34.245000
4,59219.71,0.00017,59224.42,0.00518,59219.7,0.00506,59224.43,0.026,59219.68,0.00748,59224.44,0.08075,59219.54,0.00012,59224.45,0.018,59219.38,0.04072,59224.68,0.0001,59218.62,0.0001,59224.69,0.018,59218.46,0.03952,59224.93,0.018,59218.0,0.0319,59226.0,0.0319,59217.34,0.00012,59226.92,0.00012,59216.4,0.0001,59227.98,0.00518,59216.34,0.03014,59227.99,0.03505,59216.33,0.03994,59228.0,0.0319,59216.0,0.0319,59228.78,0.04108,59215.0,0.02533,59229.11,0.00012,59214.8,0.00592,59229.97,0.04788,59214.56,0.0001,59230.0,0.0319,59214.4,0.00012,59230.96,0.00013,59214.0,0.0336,59231.08,0.03922,59213.37,0.00013,59231.1,0.06753,59212.01,0.0202,59231.61,0.0001,2024-07-13 23:59:34.345000
5,59219.71,0.00017,59224.28,0.0053,59219.7,0.00506,59224.29,0.08595,59219.68,0.00748,59224.3,0.018,59219.54,0.00012,59224.4,0.00518,59219.38,0.04072,59224.45,0.018,59218.62,0.0001,59224.69,0.018,59218.46,0.03952,59226.0,0.0319,59218.0,0.0319,59226.92,0.00012,59217.34,0.00012,59227.97,0.0001,59216.4,0.0001,59227.99,0.03495,59216.34,0.03014,59228.0,0.0319,59216.33,0.03994,59228.78,0.04108,59216.0,0.0319,59229.11,0.00012,59215.0,0.02533,59229.96,0.0001,59214.8,0.00592,59229.97,0.04788,59214.56,0.0001,59230.0,0.0319,59214.4,0.00012,59230.96,0.00013,59214.0,0.0336,59231.08,0.03922,59213.37,0.00013,59231.1,0.06753,59212.01,0.0202,59231.61,0.0001,2024-07-13 23:59:34.445000
6,59219.71,0.00017,59224.15,0.00518,59219.7,0.00506,59224.16,0.018,59219.68,0.00748,59224.26,0.00518,59219.54,0.00012,59224.28,0.0872,59218.62,0.0001,59224.3,0.018,59218.46,0.03952,59224.44,0.0001,59218.0,0.0319,59224.45,0.018,59217.34,0.00012,59226.0,0.0319,59216.4,0.0001,59226.92,0.00012,59216.34,0.03014,59227.97,0.00518,59216.33,0.03994,59227.99,0.01024,59216.0,0.0319,59228.0,0.0319,59215.0,0.02533,59228.77,0.0001,59214.8,0.00592,59228.78,0.04108,59214.56,0.0001,59229.11,0.00012,59214.4,0.00012,59229.97,0.04788,59214.0,0.0336,59230.0,0.0319,59213.37,0.00013,59230.96,0.00013,59212.01,0.0202,59231.08,0.03922,59212.0,0.0336,59231.1,0.06753,2024-07-13 23:59:34.545000
7,59219.71,0.00017,59224.11,0.00518,59219.7,0.00506,59224.12,0.026,59219.68,0.00748,59224.13,0.05438,59219.54,0.00012,59224.16,0.018,59218.62,0.0001,59224.28,0.00012,59218.46,0.03952,59224.3,0.018,59218.0,0.0319,59224.45,0.018,59217.34,0.00012,59225.99,0.0001,59216.4,0.0001,59226.0,0.0319,59216.34,0.03014,59226.92,0.00012,59216.33,0.03994,59227.97,0.00518,59216.0,0.0319,59227.99,0.03491,59215.0,0.02533,59228.0,0.0319,59214.8,0.00592,59228.77,0.0001,59214.56,0.0001,59228.78,0.04108,59214.4,0.00012,59229.11,0.00012,59214.0,0.0336,59229.97,0.04788,59213.37,0.00013,59230.0,0.0319,59212.01,0.0202,59230.96,0.00013,59212.0,0.0336,59231.08,0.03922,2024-07-13 23:59:34.645000
8,59219.71,0.00017,59223.98,0.00518,59219.68,0.00748,59223.99,0.018,59219.54,0.00012,59224.11,0.04804,59218.63,0.00506,59224.16,0.018,59218.62,0.0001,59224.28,0.00012,59218.46,0.03952,59224.3,0.018,59218.0,0.0319,59226.0,0.0319,59217.34,0.00012,59226.92,0.00012,59216.4,0.0001,59227.97,0.00518,59216.34,0.03014,59227.98,0.0001,59216.33,0.03994,59227.99,0.03491,59216.0,0.0319,59228.0,0.0319,59215.0,0.02533,59228.78,0.04108,59214.8,0.00592,59229.11,0.00012,59214.56,0.0001,59229.96,0.0001,59214.4,0.00012,59229.97,0.04788,59214.0,0.0336,59230.0,0.0319,59213.37,0.00013,59230.96,0.00013,59212.01,0.0202,59231.08,0.03922,59212.0,0.0336,59231.1,0.06753,2024-07-13 23:59:34.745000
9,59219.71,0.00017,59223.96,0.00518,59219.68,0.00748,59223.97,0.026,59219.54,0.00012,59223.98,0.06127,59218.63,0.00506,59223.99,0.018,59218.62,0.0001,59224.16,0.018,59218.46,0.03952,59224.28,0.00012,59218.0,0.0319,59224.3,0.018,59217.34,0.00012,59225.99,0.0001,59216.4,0.0001,59226.0,0.0319,59216.34,0.03014,59226.92,0.00012,59216.33,0.03994,59227.97,0.00518,59216.0,0.0319,59227.99,0.01024,59215.0,0.02533,59228.0,0.0319,59214.8,0.00592,59228.77,0.0001,59214.56,0.0001,59228.78,0.04108,59214.4,0.00012,59229.11,0.00012,59214.0,0.0336,59229.97,0.04788,59213.37,0.00013,59230.0,0.0319,59212.01,0.0202,59230.96,0.00013,59212.0,0.0336,59231.08,0.03922,2024-07-13 23:59:34.845000
10,59219.71,0.00017,59223.78,0.11318,59219.68,0.00748,59223.84,0.018,59219.54,0.00012,59223.98,0.0001,59218.63,0.00506,59223.99,0.018,59218.62,0.0001,59224.16,0.018,59218.46,0.03952,59225.47,0.0402,59218.0,0.0319,59225.99,0.00518,59217.34,0.00012,59226.0,0.0319,59216.4,0.0001,59226.92,0.00012,59216.34,0.03014,59227.25,0.04027,59216.33,0.03994,59227.97,0.00518,59216.0,0.0319,59227.99,0.03506,59215.0,0.02533,59228.0,0.0319,59214.8,0.00592,59228.78,0.04108,59214.56,0.0001,59229.11,0.00012,59214.4,0.00012,59229.97,0.04788,59214.0,0.0336,59230.0,0.0319,59213.37,0.00013,59230.96,0.00013,59212.01,0.0202,59231.1,0.06753,59212.0,0.0336,59231.61,0.0001,2024-07-13 23:59:34.946000
11,59219.68,0.00748,59223.22,0.03118,59218.63,0.00506,59223.34,0.04949,59218.62,0.0001,59223.65,0.00012,59218.46,0.03952,59223.66,0.018,59218.0,0.0319,59223.7,0.0001,59217.43,0.00012,59223.71,0.06672,59217.34,0.00012,59223.84,0.018,59216.4,0.0001,59223.99,0.018,59216.34,0.03014,59225.47,0.0402,59216.33,0.03994,59225.99,0.00528,59216.0,0.0319,59226.0,0.0319,59215.0,0.02533,59226.92,0.00012,59214.8,0.00592,59227.25,0.04027,59214.56,0.0001,59227.97,0.00518,59214.4,0.00012,59227.99,0.02978,59214.0,0.0336,59228.0,0.0319,59213.37,0.00013,59228.78,0.04108,59212.01,0.0202,59229.11,0.00012,59212.0,0.0336,59229.97,0.04788,59211.84,0.00592,59230.0,0.0319,2024-07-13 23:59:35.046000
12,59218.63,0.00506,59222.92,0.03118,59218.62,0.0001,59223.09,0.04045,59218.46,0.03952,59223.1,0.018,59217.43,0.00012,59223.65,0.00012,59217.34,0.00012,59223.66,0.018,59216.4,0.0001,59223.69,0.0002,59216.34,0.03014,59223.7,0.04008,59216.33,0.03994,59223.84,0.018,59216.0,0.0319,59225.47,0.0402,59215.0,0.02533,59225.99,0.00518,59214.8,0.00592,59226.0,0.0319,59214.56,0.0001,59226.92,0.00012,59214.4,0.00012,59227.24,0.0001,59214.0,0.0336,59227.25,0.04027,59213.37,0.00013,59227.97,0.00518,59212.01,0.0202,59227.99,0.02978,59212.0,0.0336,59228.0,0.0319,59211.84,0.00592,59228.78,0.04108,59211.56,0.13467,59229.11,0.00012,59211.55,0.05911,59229.97,0.04788,2024-07-13 23:59:35.146000
13,59218.63,0.00506,59222.72,0.00518,59218.62,0.0001,59222.8,0.018,59218.46,0.03952,59223.09,0.04045,59217.43,0.00012,59223.1,0.018,59217.34,0.00012,59223.65,0.00032,59216.4,0.0001,59223.66,0.018,59216.34,0.03014,59224.84,0.00012,59216.33,0.03994,59225.45,0.00518,59216.0,0.0319,59225.46,0.02421,59215.0,0.02533,59225.47,0.0402,59214.8,0.00592,59226.0,0.0319,59214.56,0.0001,59227.24,0.0001,59214.4,0.00012,59227.25,0.04027,59214.0,0.0336,59227.97,0.00518,59213.37,0.00013,59227.99,0.02978,59212.01,0.0202,59228.0,0.0319,59212.0,0.0336,59228.78,0.04108,59211.84,0.00592,59229.11,0.00012,59211.56,0.13467,59229.97,0.04788,59211.55,0.05911,59230.0,0.0319,2024-07-13 23:59:35.246000
14,59218.83,0.00506,59222.8,0.018,59218.75,0.018,59223.09,0.04045,59218.62,0.0001,59223.1,0.018,59218.46,0.03952,59223.65,0.00012,59217.43,0.00012,59223.66,0.018,59217.34,0.00012,59224.84,0.00012,59216.4,0.0001,59225.45,0.00518,59216.34,0.03014,59225.99,0.0002,59216.33,0.03994,59226.0,0.0319,59216.0,0.0319,59227.97,0.00518,59215.0,0.02533,59227.99,0.02978,59214.8,0.00592,59228.0,0.0319,59214.56,0.0001,59228.78,0.04108,59214.4,0.00012,59229.11,0.00012,59214.0,0.0336,59229.96,0.0001,59213.37,0.00013,59229.97,0.04788,59212.01,0.0202,59230.0,0.0319,59212.0,0.0336,59230.96,0.00013,59211.84,0.00592,59231.1,0.06753,59211.56,0.13467,59231.61,0.0001,2024-07-13 23:59:35.346000
15,59218.83,0.00506,59222.8,0.018,59218.75,0.018,59223.09,0.04045,59218.62,0.0001,59223.1,0.018,59218.46,0.03952,59223.65,0.00012,59217.43,0.00012,59223.66,0.018,59217.34,0.00012,59224.84,0.00012,59216.4,0.0001,59225.45,0.00518,59216.34,0.03014,59225.99,0.0002,59216.33,0.03994,59226.0,0.0319,59216.0,0.0319,59227.97,0.00518,59215.0,0.02533,59227.99,0.02978,59214.8,0.00592,59228.0,0.0319,59214.56,0.0001,59228.78,0.04108,59214.4,0.00012,59229.11,0.00012,59214.0,0.0336,59229.96,0.0001,59213.37,0.00013,59229.97,0.04788,59212.01,0.0202,59230.0,0.0319,59212.0,0.0336,59230.96,0.00013,59211.84,0.00592,59231.1,0.06753,59211.56,0.13467,59231.61,0.0001,2024-07-13 23:59:35.446000
16,59218.83,0.00506,59222.79,0.00518,59218.75,0.018,59222.8,0.018,59218.62,0.0001,59223.09,0.04045,59218.46,0.03952,59223.1,0.018,59217.43,0.00012,59223.66,0.018,59217.34,0.00012,59224.84,0.00012,59216.4,0.0001,59225.45,0.00518,59216.34,0.03014,59225.99,0.01934,59216.33,0.03994,59226.0,0.0319,59216.0,0.0319,59227.67,0.00033,59215.0,0.02533,59227.97,0.00518,59214.8,0.00592,59227.99,0.02978,59214.56,0.0001,59228.0,0.0319,59214.4,0.00012,59228.77,0.0001,59214.0,0.0336,59228.78,0.04108,59213.37,0.00013,59229.11,0.00012,59212.01,0.0202,59229.97,0.04788,59212.0,0.0336,59230.0,0.0319,59211.84,0.00592,59230.96,0.00013,59211.56,0.13467,59231.1,0.06753,2024-07-13 23:59:35.546000
17,59217.43,0.00012,59222.65,0.00207,59216.4,0.0001,59222.66,0.00518,59216.34,0.03014,59222.67,0.018,59216.33,0.03994,59222.8,0.018,59216.0,0.0319,59223.08,0.00012,59215.0,0.02533,59223.09,0.04045,59214.8,0.00592,59223.1,0.018,59214.56,0.0001,59224.84,0.00012,59214.4,0.00012,59225.45,0.00518,59214.0,0.0336,59225.98,0.0002,59213.37,0.00013,59225.99,0.01914,59212.01,0.0202,59226.0,0.0319,59212.0,0.0336,59227.67,0.00033,59211.84,0.00592,59227.97,0.00518,59211.56,0.13467,59227.99,0.02978,59211.55,0.05911,59228.0,0.0319,59211.1,0.06774,59228.77,0.0001,59210.89,0.00033,59228.78,0.04108,59210.73,0.22443,59229.11,0.00012,59210.41,0.00012,59229.97,0.04788,2024-07-13 23:59:35.646000
18,59217.6,0.00464,59222.51,0.00518,59217.43,0.01812,59222.52,0.026,59216.4,0.0001,59222.53,0.06846,59216.34,0.03014,59222.54,0.018,59216.33,0.03994,59222.65,0.00847,59216.0,0.0319,59222.67,0.018,59215.0,0.02533,59222.8,0.018,59214.8,0.00592,59223.08,0.00012,59214.56,0.0001,59224.84,0.00012,59214.4,0.00012,59225.45,0.00518,59214.0,0.0336,59225.99,0.01914,59213.7,0.00012,59226.0,0.0319,59213.37,0.00013,59227.38,0.04029,59212.01,0.0202,59227.67,0.00033,59212.0,0.0336,59227.99,0.02978,59211.84,0.00592,59228.0,0.0319,59211.56,0.13467,59228.78,0.04108,59211.55,0.05911,59229.11,0.00012,59211.1,0.06774,59229.97,0.04788,59210.89,0.00033,59230.0,0.0319,2024-07-13 23:59:35.746000
19,59217.6,0.00464,59222.38,0.00518,59217.43,0.01812,59222.39,0.018,59216.4,0.0001,59222.51,0.05476,59216.34,0.03014,59222.53,0.00719,59216.33,0.03994,59222.54,0.018,59216.0,0.0319,59222.64,0.0002,59215.0,0.02533,59222.65,0.00847,59214.8,0.00592,59222.66,0.0002,59214.56,0.0001,59222.67,0.018,59214.4,0.00012,59223.08,0.00012,59214.0,0.0336,59224.84,0.00012,59213.7,0.00012,59225.45,0.00518,59213.37,0.00013,59225.99,0.01914,59212.01,0.0202,59226.0,0.0319,59212.0,0.0336,59227.38,0.04029,59211.84,0.00592,59227.67,0.00033,59211.56,0.13467,59227.99,0.02978,59211.55,0.05911,59228.0,0.0319,59211.1,0.06774,59228.78,0.04108,59210.89,0.00033,59229.11,0.00012,2024-07-13 23:59:35.846000
20,59217.6,0.00464,59222.38,0.00518,59217.43,0.01812,59222.39,0.018,59216.4,0.0001,59222.51,0.02827,59216.34,0.03014,59222.53,0.00719,59216.33,0.03994,59222.54,0.018,59216.0,0.0319,59222.65,0.00847,59215.0,0.02533,59222.67,0.018,59214.8,0.00592,59223.08,0.00012,59214.56,0.0001,59224.84,0.00012,59214.4,0.00012,59225.45,0.00518,59214.0,0.0336,59225.99,0.0004,59213.7,0.00012,59226.0,0.0319,59213.37,0.00013,59227.38,0.04029,59212.01,0.0202,59227.67,0.00033,59212.0,0.0336,59227.99,0.02978,59211.84,0.00592,59228.0,0.0319,59211.56,0.13467,59228.78,0.04108,59211.55,0.05911,59229.11,0.00012,59211.1,0.06774,59229.97,0.04788,59210.89,0.00033,59230.0,0.0319,2024-07-13 23:59:35.946000
21,59217.6,0.00464,59222.38,0.00518,59217.43,0.01812,59222.39,0.018,59216.4,0.0001,59222.51,0.02827,59216.34,0.03014,59222.54,0.018,59216.33,0.03994,59222.67,0.018,59216.0,0.0319,59223.08,0.00012,59215.0,0.02533,59224.84,0.00012,59214.8,0.00592,59225.45,0.00518,59214.56,0.0001,59225.98,0.0004,59214.4,0.00012,59225.99,0.01917,59214.0,0.0336,59226.0,0.0319,59213.7,0.00012,59227.38,0.04029,59213.37,0.00013,59227.67,0.00033,59212.01,0.0202,59227.99,0.02978,59212.0,0.0336,59228.0,0.0319,59211.84,0.00592,59228.78,0.04108,59211.56,0.13467,59229.11,0.00012,59211.55,0.05911,59229.97,0.04788,59211.1,0.06774,59230.0,0.0319,59210.89,0.00033,59230.96,0.00013,2024-07-13 23:59:36.046000
22,59217.87,0.00464,59222.38,0.00518,59217.72,0.018,59222.39,0.018,59217.43,0.01812,59222.51,0.02309,59216.4,0.0001,59222.54,0.018,59216.34,0.03014,59222.67,0.018,59216.33,0.03994,59224.84,0.00012,59216.0,0.0319,59225.45,0.00518,59215.0,0.02533,59225.99,0.01957,59214.8,0.00592,59226.0,0.0319,59214.56,0.0001,59227.38,0.04029,59214.4,0.00012,59227.67,0.00033,59214.0,0.0336,59227.99,0.02978,59213.7,0.00012,59228.0,0.0319,59213.37,0.00013,59228.78,0.04108,59212.01,0.0202,59229.11,0.00012,59212.0,0.0336,59229.97,0.04788,59211.84,0.00592,59230.0,0.0319,59211.56,0.13467,59230.96,0.00013,59211.55,0.05911,59231.1,0.06753,59211.1,0.06774,59231.61,0.0001,2024-07-13 23:59:36.146000
23,59217.87,0.00464,59222.08,0.03118,59217.72,0.018,59222.26,0.018,59217.43,0.01812,59222.39,0.018,59216.4,0.0001,59222.5,0.00012,59216.34,0.03014,59222.51,0.02309,59216.33,0.03994,59222.54,0.018,59216.0,0.0319,59224.84,0.00012,59215.0,0.02533,59225.44,0.0002,59214.8,0.00592,59225.45,0.00518,59214.56,0.0001,59225.98,0.0002,59214.4,0.00012,59225.99,0.01917,59214.0,0.0336,59226.0,0.0319,59213.7,0.00012,59227.38,0.04029,59213.37,0.00013,59227.67,0.00033,59212.01,0.0202,59227.99,0.02978,59212.0,0.0336,59228.0,0.0319,59211.84,0.00592,59228.78,0.04108,59211.56,0.13467,59229.11,0.00012,59211.55,0.05911,59229.97,0.04788,59211.1,0.06774,59230.0,0.0319,2024-07-13 23:59:36.246000
24,59217.87,0.00464,59221.9,0.03118,59217.72,0.018,59221.96,0.018,59217.43,0.01812,59222.26,0.018,59216.4,0.0001,59222.39,0.018,59216.34,0.03014,59222.5,0.00012,59216.33,0.03994,59224.84,0.00012,59216.0,0.0319,59225.43,0.00518,59215.0,0.02533,59225.45,0.00518,59214.8,0.00592,59225.97,0.0004,59214.56,0.0001,59225.98,0.02309,59214.4,0.00012,59226.0,0.0319,59214.0,0.0336,59227.38,0.04029,59213.7,0.00012,59227.49,0.0001,59213.37,0.00013,59227.67,0.00033,59212.01,0.0202,59227.99,0.02978,59212.0,0.0336,59228.0,0.0319,59211.84,0.00592,59228.78,0.04108,59211.56,0.13467,59229.11,0.00012,59211.55,0.05911,59229.97,0.04788,59211.1,0.06774,59230.0,0.0319,2024-07-13 23:59:36.346000
25,59217.87,0.00464,59221.9,0.03118,59217.72,0.018,59221.96,0.018,59217.43,0.01812,59222.26,0.018,59216.4,0.0001,59222.39,0.018,59216.34,0.03014,59222.5,0.00012,59216.33,0.03994,59224.84,0.00012,59216.0,0.0319,59225.43,0.00518,59215.0,0.02533,59225.45,0.00518,59214.8,0.00592,59225.97,0.0004,59214.56,0.0001,59225.98,0.02309,59214.4,0.00012,59226.0,0.0319,59214.0,0.0336,59227.38,0.04029,59213.7,0.00012,59227.49,0.0001,59213.37,0.00013,59227.67,0.00033,59212.01,0.0202,59227.99,0.02978,59212.0,0.0336,59228.0,0.0319,59211.84,0.00592,59228.78,0.04108,59211.56,0.13467,59229.11,0.00012,59211.55,0.05911,59229.97,0.04788,59211.1,0.06774,59230.0,0.0319,2024-07-13 23:59:36.446000
26,59217.87,0.00464,59221.9,0.03118,59217.72,0.018,59221.96,0.018,59217.43,0.01812,59222.26,0.018,59216.4,0.0001,59222.39,0.018,59216.34,0.03014,59222.5,0.00012,59216.33,0.03994,59224.84,0.00012,59216.0,0.0319,59225.43,0.00518,59215.0,0.02533,59225.45,0.00518,59214.8,0.00592,59225.97,0.0004,59214.56,0.0001,59225.98,0.02309,59214.4,0.00012,59226.0,0.0319,59214.0,0.0336,59227.38,0.04029,59213.7,0.00012,59227.49,0.0001,59213.37,0.00013,59227.67,0.00033,59212.01,0.0202,59227.99,0.02978,59212.0,0.0336,59228.0,0.0319,59211.84,0.00592,59228.78,0.04108,59211.56,0.13467,59229.11,0.00012,59211.55,0.05911,59229.97,0.04788,59211.1,0.06774,59230.0,0.0319,2024-07-13 23:59:36.546000
27,59217.87,0.00464,59221.9,0.03118,59217.72,0.018,59221.96,0.018,59217.43,0.01812,59222.26,0.018,59216.4,0.0001,59222.39,0.018,59216.34,0.03014,59224.84,0.00012,59216.33,0.03994,59225.43,0.00518,59216.0,0.0319,59225.45,0.00518,59215.0,0.02533,59225.97,0.0004,59214.8,0.00592,59225.98,0.02309,59214.56,0.0001,59226.0,0.0319,59214.4,0.00012,59227.38,0.04029,59214.0,0.0336,59227.49,0.0001,59213.7,0.00012,59227.67,0.00033,59213.37,0.00013,59227.99,0.02978,59212.01,0.0202,59228.0,0.0319,59212.0,0.0336,59228.78,0.04108,59211.84,0.00592,59229.11,0.00012,59211.56,0.13467,59229.97,0.04788,59211.55,0.05911,59230.0,0.0319,59211.1,0.06774,59230.96,0.00013,2024-07-13 23:59:36.847000
28,59217.87,0.00464,59221.9,0.03118,59217.72,0.018,59221.96,0.018,59217.43,0.01812,59222.24,0.00012,59216.4,0.0001,59222.25,0.02309,59216.34,0.03014,59222.26,0.018,59216.33,0.03994,59222.39,0.018,59216.0,0.0319,59224.84,0.00012,59215.0,0.02533,59225.42,0.0002,59214.8,0.00592,59225.43,0.00518,59214.56,0.0001,59225.44,0.0002,59214.4,0.00012,59225.45,0.00518,59214.0,0.0336,59225.98,0.0192,59213.7,0.00012,59226.0,0.0319,59213.37,0.00013,59227.38,0.04029,59212.01,0.0202,59227.49,0.0001,59212.0,0.0336,59227.67,0.00033,59211.84,0.00592,59227.99,0.02978,59211.56,0.13467,59228.0,0.0319,59211.55,0.05911,59228.78,0.04108,59211.1,0.06774,59229.11,0.00012,2024-07-13 23:59:36.947000
29,59217.87,0.00464,59221.9,0.03118,59217.72,0.018,59221.96,0.018,59217.43,0.01812,59222.24,0.00012,59216.4,0.0001,59222.25,0.02309,59216.34,0.03014,59222.26,0.018,59216.33,0.03994,59222.39,0.018,59216.0,0.0319,59224.84,0.00012,59215.0,0.02533,59225.4,0.0002,59214.8,0.00592,59225.41,0.00518,59214.56,0.0001,59225.42,0.0002,59214.4,0.00012,59225.43,0.00518,59214.0,0.0336,59225.45,0.00518,59213.7,0.00012,59225.98,0.0192,59213.37,0.00013,59226.0,0.0319,59212.01,0.0202,59227.38,0.04029,59212.0,0.0336,59227.49,0.0001,59211.84,0.00592,59227.67,0.00033,59211.56,0.13467,59227.99,0.02978,59211.55,0.05911,59228.0,0.0319,59211.1,0.06774,59228.78,0.04108,2024-07-13 23:59:37.047000
30,59217.87,0.00464,59221.72,0.03118,59217.72,0.018,59221.78,0.018,59217.43,0.01812,59221.96,0.018,59216.4,0.0001,59222.24,0.00012,59216.34,0.03014,59222.25,0.02309,59216.33,0.03994,59222.26,0.018,59216.0,0.0319,59224.83,0.00518,59215.0,0.02533,59224.84,0.00012,59214.8,0.00592,59225.38,0.0002,59214.56,0.0001,59225.39,0.00518,59214.4,0.00012,59225.4,0.0002,59214.0,0.0336,59225.41,0.00518,59213.7,0.00012,59225.98,0.0192,59213.37,0.00013,59226.0,0.0319,59212.01,0.0202,59227.38,0.04029,59212.0,0.0336,59227.49,0.0001,59211.84,0.00592,59227.67,0.00033,59211.56,0.13467,59227.99,0.02978,59211.55,0.05911,59228.0,0.0319,59211.1,0.06774,59228.78,0.04108,2024-07-13 23:59:37.147000
31,59217.87,0.00464,59221.48,0.03118,59217.72,0.018,59221.55,0.018,59217.43,0.01812,59221.78,0.018,59216.4,0.0001,59221.96,0.018,59216.34,0.03014,59222.24,0.00012,59216.33,0.03994,59224.83,0.00518,59216.0,0.0319,59224.84,0.00012,59215.0,0.02533,59225.39,0.00518,59214.8,0.00592,59225.97,0.0004,59214.56,0.0001,59225.98,0.0192,59214.4,0.00012,59226.0,0.0319,59214.0,0.0336,59227.38,0.04029,59213.7,0.00012,59227.49,0.0001,59213.37,0.00013,59227.67,0.00033,59212.01,0.0202,59227.99,0.02978,59212.0,0.0336,59228.0,0.0319,59211.84,0.00592,59228.78,0.04108,59211.56,0.13467,59229.11,0.00012,59211.55,0.05911,59229.97,0.04788,59211.1,0.06774,59230.0,0.0319,2024-07-13 23:59:37.247000
32,59222.58,0.036,59224.77,0.026,59220.08,0.0128,59224.84,0.018,59220.01,0.00842,59225.0,0.03323,59220.0,0.0319,59225.98,0.0192,59218.59,0.00464,59225.99,0.0004,59218.5,0.00847,59227.37,0.00518,59218.49,0.00628,59227.38,0.04029,59218.0,0.0319,59227.49,0.0001,59217.99,0.018,59227.67,0.00033,59217.72,0.018,59227.86,0.00012,59217.43,0.01812,59227.99,0.02978,59216.76,0.00483,59228.0,0.0319,59216.4,0.0001,59228.78,0.04108,59216.34,0.03014,59229.11,0.00012,59216.33,0.03994,59229.97,0.04788,59216.0,0.0319,59230.0,0.0319,59215.0,0.02533,59230.96,0.00013,59214.8,0.00592,59231.05,0.05028,59214.56,0.0001,59231.1,0.06753,59214.4,0.00012,59231.61,0.0001,2024-07-13 23:59:37.447000
33,59222.58,0.036,59224.75,0.026,59220.01,0.00842,59224.84,0.018,59220.0,0.0319,59226.58,0.0001,59218.59,0.00464,59227.36,0.00012,59218.5,0.00847,59227.37,0.00518,59218.49,0.00628,59227.38,0.04029,59218.0,0.0319,59227.67,0.00033,59217.99,0.018,59227.86,0.00012,59217.72,0.018,59227.99,0.02978,59217.43,0.01812,59228.0,0.0319,59217.27,0.00012,59229.11,0.00012,59216.76,0.00483,59229.97,0.04788,59216.4,0.0001,59230.0,0.0319,59216.34,0.03014,59230.96,0.00013,59216.33,0.03994,59231.05,0.05028,59216.0,0.0319,59231.1,0.06753,59215.0,0.02533,59231.61,0.0001,59214.8,0.00592,59232.0,0.0336,59214.56,0.0001,59232.36,0.00012,59214.4,0.00012,59233.23,0.00084,2024-07-13 23:59:37.547000
34,59222.59,0.00842,59226.58,0.0181,59222.58,0.036,59227.36,0.00012,59221.94,0.01677,59227.37,0.05202,59220.21,0.01035,59227.38,0.04029,59220.0,0.0319,59227.67,0.00033,59218.59,0.00464,59227.86,0.00012,59218.5,0.00847,59227.99,0.00506,59218.49,0.00628,59228.0,0.0319,59218.01,0.02994,59229.11,0.00012,59218.0,0.0319,59229.97,0.04788,59217.99,0.018,59230.0,0.0319,59217.72,0.018,59230.96,0.00013,59217.43,0.01812,59231.05,0.05028,59217.27,0.00012,59231.1,0.06753,59216.76,0.00483,59231.61,0.0001,59216.4,0.0001,59232.0,0.0336,59216.34,0.03014,59232.36,0.00012,59216.33,0.03994,59233.23,0.00084,59216.0,0.0319,59233.99,0.03548,59215.0,0.02533,59234.0,0.0336,2024-07-13 23:59:37.647000
35,59222.59,0.00842,59226.58,0.0181,59222.58,0.036,59227.36,0.07798,59221.94,0.01677,59227.67,0.00033,59220.21,0.01035,59227.86,0.00012,59220.0,0.0319,59227.98,0.0002,59218.59,0.00464,59227.99,0.00506,59218.5,0.00847,59228.0,0.0319,59218.49,0.00628,59229.11,0.00012,59218.01,0.02994,59229.96,0.00518,59218.0,0.0319,59229.97,0.04788,59217.99,0.018,59230.0,0.0319,59217.72,0.018,59230.96,0.00013,59217.43,0.01812,59231.05,0.05028,59217.27,0.00012,59231.1,0.06753,59216.76,0.00483,59231.61,0.0001,59216.4,0.0001,59232.0,0.0336,59216.34,0.03014,59232.36,0.00012,59216.33,0.03994,59233.23,0.00084,59216.0,0.0319,59233.99,0.03548,59215.0,0.02533,59234.0,0.0336,2024-07-13 23:59:37.747000
36,59222.59,0.00842,59226.58,0.0181,59222.58,0.036,59227.35,0.06939,59221.94,0.01677,59227.36,0.00012,59220.43,0.00012,59227.67,0.00033,59220.21,0.01035,59227.86,0.00012,59220.0,0.0319,59227.99,0.00526,59218.59,0.00464,59228.0,0.0319,59218.49,0.00628,59229.11,0.00012,59218.01,0.02994,59229.96,0.00518,59218.0,0.0319,59230.0,0.0319,59217.99,0.018,59230.96,0.00013,59217.72,0.018,59231.04,0.02021,59217.43,0.018,59231.05,0.05028,59217.27,0.00012,59231.1,0.06753,59216.76,0.00483,59231.61,0.0001,59216.4,0.0001,59232.0,0.0336,59216.34,0.03014,59232.36,0.00012,59216.33,0.03994,59233.23,0.00084,59216.0,0.0319,59233.99,0.03548,59215.0,0.02533,59234.0,0.0336,2024-07-13 23:59:37.847000
37,59222.59,0.00842,59226.58,0.0181,59222.58,0.036,59227.34,0.06433,59221.94,0.01677,59227.36,0.00012,59220.43,0.00012,59227.67,0.00033,59220.21,0.01035,59227.86,0.00012,59220.0,0.0319,59227.99,0.00526,59218.59,0.00464,59228.0,0.0319,59218.49,0.00628,59229.11,0.00012,59218.01,0.02994,59229.96,0.00518,59218.0,0.0319,59230.0,0.0319,59217.99,0.018,59230.96,0.00013,59217.72,0.018,59231.04,0.02021,59217.43,0.018,59231.05,0.05028,59217.27,0.00012,59231.1,0.06753,59216.76,0.00483,59231.61,0.0001,59216.4,0.0001,59232.0,0.0336,59216.34,0.03014,59232.36,0.00012,59216.33,0.03994,59233.23,0.00084,59216.0,0.0319,59233.99,0.03548,59215.0,0.02533,59234.0,0.0336,2024-07-13 23:59:37.947000
38,59222.59,0.00842,59226.58,0.0181,59222.58,0.036,59227.33,0.06131,59221.94,0.01677,59227.67,0.00033,59220.43,0.00012,59227.86,0.00012,59220.21,0.01035,59227.99,0.00526,59220.0,0.0319,59228.0,0.0319,59218.59,0.00464,59229.11,0.00012,59218.49,0.00628,59229.96,0.00518,59218.01,0.02994,59230.0,0.0319,59218.0,0.0319,59230.96,0.00013,59217.99,0.018,59231.04,0.03807,59217.72,0.018,59231.05,0.05028,59217.43,0.018,59231.1,0.06753,59217.27,0.00012,59231.61,0.0001,59216.76,0.00483,59232.0,0.0336,59216.4,0.0001,59232.36,0.00012,59216.34,0.03014,59233.23,0.00084,59216.33,0.03994,59233.99,0.03548,59216.0,0.0319,59234.0,0.0336,59215.0,0.02533,59235.07,0.0002,2024-07-13 23:59:38.047000
39,59222.59,0.00842,59226.58,0.0181,59222.58,0.036,59227.32,0.05944,59221.94,0.01677,59227.67,0.00033,59220.43,0.00012,59227.86,0.00012,59220.21,0.01035,59227.99,0.00538,59220.0,0.0319,59228.0,0.0319,59218.59,0.00464,59229.11,0.00012,59218.49,0.00628,59229.96,0.00518,59218.01,0.02994,59230.0,0.0319,59218.0,0.0319,59230.96,0.00013,59217.99,0.018,59231.04,0.03807,59217.72,0.018,59231.05,0.05028,59217.43,0.018,59231.1,0.06753,59217.27,0.00012,59231.61,0.0001,59216.76,0.00483,59232.0,0.0336,59216.4,0.0001,59232.36,0.00012,59216.34,0.03014,59233.23,0.00084,59216.33,0.03994,59233.99,0.03548,59216.0,0.0319,59234.0,0.0336,59215.0,0.02533,59235.07,0.0002,2024-07-13 23:59:38.147000
40,59222.59,0.00842,59226.41,0.00518,59222.58,0.036,59226.42,0.026,59221.94,0.01677,59226.43,0.04039,59220.43,0.00012,59226.46,0.018,59220.21,0.01035,59226.57,0.00506,59220.0,0.0319,59226.58,0.0181,59218.59,0.00464,59227.31,0.0583,59218.49,0.00628,59227.67,0.00033,59218.01,0.02994,59227.86,0.00012,59218.0,0.0319,59227.99,0.00032,59217.99,0.018,59228.0,0.0319,59217.72,0.018,59229.11,0.00012,59217.43,0.018,59229.96,0.00518,59217.27,0.00012,59230.0,0.0319,59216.76,0.00483,59230.96,0.00013,59216.4,0.0001,59231.04,0.03807,59216.34,0.03014,59231.1,0.06753,59216.33,0.03994,59231.61,0.0001,59216.0,0.0319,59232.0,0.0336,59215.0,0.02533,59232.36,0.00012,2024-07-13 23:59:38.247000
41,59222.59,0.00842,59226.26,0.00518,59222.58,0.036,59226.27,0.026,59221.94,0.01677,59226.28,0.07317,59220.43,0.00012,59226.29,0.018,59220.21,0.01035,59226.46,0.018,59220.0,0.0319,59226.57,0.00506,59218.59,0.00464,59226.58,0.0181,59218.49,0.00628,59227.3,0.03503,59218.01,0.02994,59227.67,0.00033,59218.0,0.0319,59227.86,0.00012,59217.99,0.018,59227.99,0.00012,59217.72,0.018,59228.0,0.0319,59217.43,0.018,59229.11,0.00012,59217.27,0.00012,59229.96,0.00518,59216.76,0.00483,59230.0,0.0319,59216.4,0.0001,59230.96,0.00013,59216.34,0.03014,59231.04,0.03807,59216.33,0.03994,59231.1,0.06753,59216.0,0.0319,59231.61,0.0001,59215.0,0.02533,59232.0,0.0336,2024-07-13 23:59:38.347000
42,59222.59,0.00842,59226.24,0.00518,59222.58,0.036,59226.25,0.026,59221.94,0.01677,59226.26,0.05129,59220.43,0.00012,59226.29,0.018,59220.21,0.01035,59226.45,0.0002,59220.0,0.0319,59226.46,0.018,59218.59,0.00464,59226.57,0.00506,59218.49,0.00628,59226.58,0.0181,59218.01,0.02994,59227.3,0.01922,59218.0,0.0319,59227.67,0.00033,59217.99,0.018,59227.86,0.00012,59217.72,0.018,59227.99,0.00012,59217.43,0.018,59228.0,0.0319,59217.27,0.00012,59229.11,0.00012,59216.76,0.00483,59229.96,0.00518,59216.4,0.0001,59230.0,0.0319,59216.34,0.03014,59230.96,0.00013,59216.33,0.03994,59231.04,0.03807,59216.0,0.0319,59231.1,0.06753,59215.0,0.02533,59231.61,0.0001,2024-07-13 23:59:38.447000
43,59222.59,0.00842,59226.11,0.00518,59222.58,0.036,59226.12,0.018,59221.94,0.01677,59226.24,0.05131,59220.43,0.00012,59226.29,0.018,59220.21,0.01035,59226.45,0.0002,59220.0,0.0319,59226.46,0.018,59218.59,0.00464,59226.57,0.00506,59218.49,0.00628,59226.58,0.0001,59218.01,0.02994,59227.3,0.01922,59218.0,0.0319,59227.67,0.00033,59217.99,0.018,59227.86,0.00012,59217.72,0.018,59227.99,0.00012,59217.43,0.018,59228.0,0.0319,59217.27,0.00012,59229.11,0.00012,59216.76,0.00483,59229.96,0.00518,59216.4,0.0001,59230.0,0.0319,59216.34,0.03014,59230.96,0.00013,59216.33,0.03994,59231.04,0.03807,59216.0,0.0319,59231.1,0.06753,59215.0,0.02533,59231.61,0.0001,2024-07-13 23:59:38.547000
44,59222.59,0.00842,59226.09,0.00518,59222.58,0.036,59226.1,0.026,59221.94,0.01677,59226.11,0.0666,59220.43,0.00012,59226.12,0.018,59220.21,0.01035,59226.29,0.018,59220.0,0.0319,59226.46,0.018,59218.59,0.00464,59226.57,0.00506,59218.49,0.00628,59226.58,0.0001,59218.01,0.02994,59227.67,0.00033,59218.0,0.0319,59227.86,0.00012,59217.99,0.018,59228.0,0.0319,59217.72,0.018,59229.11,0.00012,59217.43,0.018,59229.96,0.00518,59217.27,0.00012,59230.0,0.0319,59216.76,0.00483,59230.96,0.00013,59216.4,0.0001,59231.04,0.03807,59216.34,0.03014,59231.1,0.06753,59216.33,0.03994,59231.61,0.0001,59216.0,0.0319,59232.0,0.0336,59215.0,0.02533,59232.36,0.00012,2024-07-13 23:59:38.648000
45,59222.59,0.00842,59225.96,0.00518,59222.58,0.036,59225.97,0.018,59221.94,0.01677,59226.09,0.05124,59220.43,0.00012,59226.12,0.018,59220.21,0.01035,59226.28,0.0002,59220.0,0.0319,59226.29,0.018,59218.59,0.00464,59226.57,0.00506,59218.49,0.00628,59226.58,0.0001,59218.01,0.02994,59227.67,0.00033,59218.0,0.0319,59227.86,0.00012,59217.99,0.018,59227.99,0.01917,59217.72,0.018,59228.0,0.0319,59217.43,0.018,59228.04,0.04053,59217.27,0.00012,59229.11,0.00012,59216.76,0.00483,59229.82,0.04031,59216.4,0.0001,59230.0,0.0319,59216.34,0.03014,59230.96,0.00013,59216.33,0.03994,59231.04,0.03807,59216.0,0.0319,59231.1,0.06753,59215.0,0.02533,59231.61,0.0001,2024-07-13 23:59:38.748000
46,59222.59,0.00842,59225.81,0.00518,59222.58,0.036,59225.82,0.0262,59221.94,0.01677,59225.83,0.08571,59220.43,0.00012,59225.84,0.018,59220.21,0.01035,59225.97,0.018,59220.0,0.0319,59226.12,0.018,59218.59,0.00464,59226.57,0.00506,59218.49,0.00628,59227.67,0.00033,59218.01,0.02994,59227.86,0.00012,59218.0,0.0319,59227.99,0.01917,59217.99,0.018,59228.0,0.0319,59217.72,0.018,59228.04,0.04053,59217.43,0.018,59229.11,0.00012,59217.27,0.00012,59229.82,0.04031,59216.76,0.00483,59230.0,0.0319,59216.4,0.0001,59230.1,0.0001,59216.34,0.03014,59230.96,0.00013,59216.33,0.03994,59231.04,0.03807,59216.0,0.0319,59231.1,0.06753,59215.0,0.02533,59231.61,0.0001,2024-07-13 23:59:38.848000
47,59222.59,0.00842,59225.79,0.00518,59222.58,0.036,59225.8,0.026,59221.94,0.01677,59225.81,0.05122,59220.43,0.00012,59225.84,0.018,59220.21,0.01035,59225.96,0.0002,59220.0,0.0319,59225.97,0.018,59218.59,0.00464,59226.12,0.018,59218.49,0.00628,59226.57,0.00506,59218.01,0.02994,59227.67,0.00033,59218.0,0.0319,59227.86,0.00012,59217.99,0.018,59227.99,0.01917,59217.72,0.018,59228.0,0.0319,59217.43,0.018,59228.04,0.04053,59217.27,0.00012,59229.11,0.00012,59216.76,0.00483,59229.82,0.04031,59216.4,0.0001,59230.0,0.0319,59216.34,0.03014,59230.1,0.0001,59216.33,0.03994,59230.96,0.00013,59216.0,0.0319,59231.04,0.03807,59215.0,0.02533,59231.1,0.06753,2024-07-13 23:59:38.948000
48,59222.59,0.00842,59225.67,0.018,59222.58,0.036,59225.79,0.05123,59221.94,0.01677,59225.84,0.018,59220.43,0.00012,59225.96,0.0001,59220.21,0.01035,59225.97,0.018,59220.0,0.0319,59226.56,0.0001,59218.59,0.00464,59226.57,0.00506,59218.49,0.00628,59227.67,0.00033,59218.01,0.02994,59227.86,0.00012,59218.0,0.0319,59227.99,0.01917,59217.99,0.018,59228.0,0.0319,59217.72,0.018,59228.04,0.04053,59217.43,0.018,59229.11,0.00012,59217.27,0.00012,59229.82,0.04031,59216.76,0.00483,59230.0,0.0319,59216.4,0.0001,59230.1,0.0001,59216.34,0.03014,59230.96,0.00013,59216.33,0.03994,59231.04,0.03807,59216.0,0.0319,59231.1,0.06753,59215.0,0.02533,59231.61,0.0001,2024-07-13 23:59:39.048000
49,59222.59,0.00842,59225.66,0.00518,59221.94,0.01677,59225.67,0.018,59220.43,0.00012,59225.79,0.02814,59220.21,0.01035,59225.84,0.018,59220.0,0.0319,59225.97,0.018,59218.59,0.00464,59226.56,0.00012,59218.49,0.00628,59226.57,0.00506,59218.01,0.02994,59227.67,0.00033,59218.0,0.0319,59227.86,0.00012,59217.99,0.018,59227.98,0.0002,59217.72,0.018,59227.99,0.01917,59217.43,0.018,59228.0,0.0319,59217.27,0.00012,59228.04,0.04053,59216.76,0.00483,59229.11,0.00012,59216.4,0.0001,59229.82,0.04031,59216.34,0.03014,59230.0,0.0319,59216.33,0.03994,59230.1,0.0001,59216.0,0.0319,59230.96,0.00013,59215.0,0.02533,59231.04,0.03807,59214.8,0.00592,59231.1,0.06753,2024-07-13 23:59:39.148000
50,59222.59,0.00842,59225.66,0.00518,59221.94,0.01677,59225.67,0.018,59220.43,0.00012,59225.79,0.02814,59220.21,0.01035,59225.84,0.018,59220.0,0.0319,59225.97,0.018,59218.59,0.00464,59226.56,0.00012,59218.49,0.00628,59226.57,0.00506,59218.01,0.02994,59227.67,0.00033,59218.0,0.0319,59227.86,0.00012,59217.99,0.018,59227.98,0.0002,59217.72,0.018,59227.99,0.01917,59217.43,0.018,59228.0,0.0319,59217.27,0.00012,59228.04,0.04053,59216.76,0.00483,59229.11,0.00012,59216.4,0.0001,59229.82,0.04031,59216.34,0.03014,59230.0,0.0319,59216.33,0.03994,59230.1,0.0001,59216.0,0.0319,59230.96,0.00013,59215.0,0.02533,59231.04,0.03807,59214.8,0.00592,59231.1,0.06753,2024-07-13 23:59:39.248000
51,59222.59,0.00842,59225.66,0.00518,59221.94,0.01677,59225.67,0.018,59220.43,0.00012,59225.79,0.02814,59220.21,0.01035,59225.84,0.018,59220.0,0.0319,59225.97,0.018,59218.59,0.00464,59226.56,0.00012,59218.49,0.00628,59226.57,0.00506,59218.01,0.02994,59227.67,0.00033,59218.0,0.0319,59227.86,0.00012,59217.99,0.018,59227.98,0.0002,59217.72,0.018,59227.99,0.01917,59217.43,0.018,59228.0,0.0319,59217.27,0.00012,59228.04,0.04053,59216.76,0.00483,59229.11,0.00012,59216.4,0.0001,59229.82,0.04031,59216.34,0.03014,59230.0,0.0319,59216.33,0.03994,59230.1,0.0001,59216.0,0.0319,59230.96,0.00013,59215.0,0.02533,59231.04,0.03807,59214.8,0.00592,59231.1,0.06753,2024-07-13 23:59:39.348000
52,59220.43,0.018,59223.94,0.03118,59220.21,0.01035,59225.54,0.018,59218.59,0.00464,59225.66,0.00518,59218.49,0.00628,59225.67,0.018,59218.06,0.00012,59225.78,0.0001,59218.01,0.02994,59225.79,0.02814,59218.0,0.0319,59225.84,0.018,59217.99,0.018,59226.56,0.00022,59217.72,0.018,59226.57,0.00506,59217.43,0.018,59227.67,0.00033,59217.27,0.00012,59227.86,0.00012,59216.76,0.00483,59227.99,0.01917,59216.4,0.0001,59228.0,0.0319,59216.34,0.03014,59228.04,0.04053,59216.33,0.03994,59229.11,0.00012,59216.0,0.0319,59229.82,0.04031,59215.0,0.02533,59230.0,0.0319,59214.8,0.00592,59230.1,0.0001,59214.56,0.0001,59230.96,0.00013,59214.4,0.00012,59231.04,0.03807,2024-07-13 23:59:39.448000
53,59220.43,0.018,59223.94,0.03118,59220.21,0.01035,59225.52,0.00528,59218.59,0.00464,59225.53,0.02309,59218.49,0.00628,59225.54,0.018,59218.06,0.00012,59225.66,0.0001,59218.01,0.02994,59225.67,0.018,59218.0,0.0319,59225.84,0.018,59217.99,0.018,59226.56,0.00012,59217.72,0.018,59226.57,0.00506,59217.43,0.018,59227.67,0.00033,59217.27,0.00012,59227.86,0.00012,59216.76,0.00483,59227.99,0.01917,59216.4,0.0001,59228.0,0.0319,59216.34,0.03014,59228.04,0.04053,59216.33,0.03994,59229.11,0.00012,59216.0,0.0319,59229.82,0.04031,59215.0,0.02533,59230.0,0.0319,59214.8,0.00592,59230.1,0.0001,59214.56,0.0001,59230.96,0.00013,59214.4,0.00012,59231.04,0.03807,2024-07-13 23:59:39.548000
54,59220.44,0.00408,59225.28,0.00518,59220.21,0.01035,59225.4,0.018,59218.59,0.00464,59225.44,0.0002,59218.49,0.00628,59225.45,0.11272,59218.06,0.00012,59225.54,0.018,59218.01,0.02994,59225.67,0.018,59218.0,0.0319,59226.57,0.00506,59217.99,0.018,59227.67,0.00033,59217.72,0.018,59227.86,0.00012,59217.58,0.04034,59227.99,0.01917,59217.43,0.018,59228.0,0.0319,59217.27,0.00012,59228.04,0.04053,59216.76,0.00483,59229.11,0.00012,59216.4,0.0001,59229.82,0.04031,59216.34,0.03014,59230.0,0.0319,59216.33,0.03994,59230.1,0.0001,59216.0,0.0319,59230.96,0.00013,59215.0,0.02533,59231.04,0.03807,59214.8,0.00592,59231.1,0.06753,59214.56,0.0001,59231.61,0.0001,2024-07-13 23:59:39.648000
55,59220.44,0.00408,59225.15,0.00518,59220.21,0.01035,59225.16,0.018,59218.59,0.00464,59225.28,0.00518,59218.49,0.00628,59225.38,0.00032,59218.06,0.00012,59225.39,0.1032,59218.01,0.02994,59225.4,0.018,59218.0,0.0319,59225.54,0.018,59217.99,0.018,59226.57,0.00506,59217.73,0.0242,59227.67,0.00033,59217.72,0.018,59227.86,0.00012,59217.58,0.04034,59228.0,0.0319,59217.43,0.018,59228.04,0.04053,59217.27,0.00012,59229.11,0.00012,59216.76,0.00483,59229.82,0.04031,59216.4,0.0001,59230.0,0.0319,59216.33,0.03994,59230.1,0.0001,59216.0,0.0319,59230.96,0.00013,59215.0,0.02533,59231.04,0.03807,59214.8,0.00592,59231.1,0.06753,59214.56,0.0001,59231.61,0.0001,2024-07-13 23:59:39.748000
56,59220.44,0.00408,59225.13,0.00518,59220.21,0.01035,59225.14,0.0262,59218.59,0.00464,59225.15,0.09764,59218.49,0.00628,59225.16,0.018,59218.06,0.00012,59225.38,0.00012,59218.01,0.02994,59225.4,0.018,59218.0,0.0319,59225.54,0.018,59217.99,0.018,59226.57,0.00506,59217.73,0.0242,59227.67,0.00033,59217.72,0.018,59227.86,0.00012,59217.58,0.04034,59228.0,0.0319,59217.43,0.018,59228.04,0.04053,59217.27,0.00012,59229.11,0.00012,59216.76,0.00483,59229.82,0.04031,59216.4,0.0001,59230.0,0.0319,59216.33,0.03994,59230.1,0.0001,59216.0,0.0319,59230.96,0.00013,59215.0,0.02533,59231.04,0.03807,59214.8,0.00592,59231.1,0.06753,59214.56,0.0001,59231.61,0.0001,2024-07-13 23:59:39.848000
57,59220.44,0.00408,59224.98,0.00518,59220.21,0.01035,59224.99,0.0262,59218.59,0.00464,59225.0,0.0794,59218.49,0.00628,59225.01,0.018,59218.06,0.00012,59225.16,0.018,59218.01,0.02994,59225.38,0.00012,59218.0,0.0319,59225.4,0.018,59217.99,0.018,59226.57,0.00506,59217.73,0.0242,59227.67,0.00033,59217.72,0.018,59227.86,0.00012,59217.58,0.04034,59227.99,0.02436,59217.43,0.018,59228.0,0.0319,59217.27,0.00012,59228.04,0.04053,59216.76,0.00483,59229.11,0.00012,59216.4,0.0001,59229.82,0.04031,59216.33,0.03994,59230.0,0.0319,59216.0,0.0319,59230.1,0.0001,59215.0,0.02533,59230.96,0.00013,59214.8,0.00592,59231.04,0.03807,59214.56,0.0001,59231.1,0.06753,2024-07-13 23:59:39.948000
58,59220.44,0.00408,59224.85,0.00518,59220.21,0.01035,59224.86,0.018,59218.59,0.00464,59224.97,0.0001,59218.49,0.00628,59224.98,0.05343,59218.06,0.00012,59225.0,0.0001,59218.01,0.02994,59225.01,0.018,59218.0,0.0319,59225.16,0.018,59217.99,0.018,59225.38,0.00012,59217.73,0.0242,59226.57,0.00506,59217.72,0.018,59227.67,0.00033,59217.58,0.04034,59227.86,0.00012,59217.43,0.018,59227.98,0.00518,59217.27,0.00012,59227.99,0.02436,59216.76,0.00483,59228.0,0.0319,59216.4,0.0001,59228.04,0.04053,59216.33,0.03994,59229.11,0.00012,59216.0,0.0319,59229.44,0.0001,59215.0,0.02533,59229.82,0.04031,59214.8,0.00592,59230.0,0.0319,59214.56,0.0001,59230.96,0.00013,2024-07-13 23:59:40.048000
59,59220.21,0.01035,59224.54,0.03118,59218.59,0.00464,59224.72,0.0001,59218.49,0.00628,59224.73,0.018,59218.06,0.00012,59224.82,0.0001,59218.01,0.02994,59224.83,0.05442,59218.0,0.0319,59224.86,0.018,59217.99,0.018,59225.01,0.018,59217.73,0.0242,59225.38,0.00012,59217.72,0.018,59226.57,0.00506,59217.58,0.04034,59227.66,0.00518,59217.43,0.018,59227.67,0.00033,59217.27,0.00012,59227.85,0.00518,59216.76,0.00483,59227.86,0.00012,59216.4,0.0001,59227.98,0.00518,59216.33,0.03994,59227.99,0.02436,59216.0,0.0319,59228.0,0.0319,59215.0,0.02533,59228.04,0.04053,59214.8,0.00592,59229.11,0.00012,59214.56,0.0001,59229.44,0.0001,59214.4,0.00012,59229.82,0.04031,2024-07-13 23:59:40.148000
60,59220.21,0.01035,59224.41,0.00518,59218.59,0.00464,59224.42,0.018,59218.49,0.00628,59224.54,0.00518,59218.06,0.00012,59224.72,0.0001,59218.01,0.02994,59224.73,0.018,59218.0,0.0319,59224.83,0.02309,59217.99,0.018,59224.85,0.0001,59217.73,0.0242,59224.86,0.018,59217.72,0.018,59225.38,0.00012,59217.58,0.04034,59226.57,0.00506,59217.43,0.018,59227.66,0.00518,59217.27,0.00012,59227.67,0.00033,59216.76,0.00483,59227.86,0.00012,59216.4,0.0001,59227.99,0.02436,59216.33,0.03994,59228.0,0.0319,59216.0,0.0319,59228.04,0.04053,59215.0,0.02533,59229.11,0.00012,59214.8,0.00592,59229.44,0.0001,59214.56,0.0001,59229.82,0.04031,59214.4,0.00012,59230.0,0.0319,2024-07-13 23:59:40.248000
61,59220.21,0.01035,59224.41,0.00518,59218.59,0.00464,59224.42,0.018,59218.49,0.00628,59224.73,0.018,59218.06,0.00012,59224.85,0.0001,59218.01,0.02994,59224.86,0.018,59218.0,0.0319,59226.57,0.00506,59217.99,0.018,59227.66,0.00518,59217.73,0.0242,59227.67,0.00033,59217.72,0.018,59227.86,0.00012,59217.58,0.04034,59227.98,0.0001,59217.43,0.018,59227.99,0.02436,59217.27,0.00012,59228.0,0.0319,59216.76,0.00483,59228.04,0.04053,59216.4,0.0001,59229.11,0.00012,59216.33,0.03994,59229.44,0.0001,59216.0,0.0319,59229.82,0.04031,59215.0,0.02533,59230.0,0.0319,59214.8,0.00592,59230.96,0.00013,59214.56,0.0001,59231.04,0.03807,59214.4,0.00012,59231.1,0.06753,2024-07-13 23:59:40.348000
62,59220.21,0.01035,59224.41,0.00518,59218.59,0.00464,59224.42,0.018,59218.49,0.00628,59224.73,0.018,59218.06,0.00012,59224.85,0.0001,59218.01,0.02994,59224.86,0.018,59218.0,0.0319,59226.57,0.00506,59217.99,0.018,59227.66,0.00518,59217.73,0.0242,59227.67,0.00033,59217.72,0.018,59227.86,0.00012,59217.58,0.04034,59227.98,0.00022,59217.43,0.018,59227.99,0.02436,59217.27,0.00012,59228.0,0.0319,59216.76,0.00483,59228.04,0.04053,59216.4,0.0001,59229.11,0.00012,59216.33,0.03994,59229.44,0.0001,59216.0,0.0319,59229.82,0.04031,59215.0,0.02533,59230.0,0.0319,59214.8,0.00592,59230.96,0.00013,59214.56,0.0001,59231.04,0.03807,59214.4,0.00012,59231.1,0.06753,2024-07-13 23:59:40.448000
63,59220.21,0.01035,59224.41,0.00518,59218.59,0.00464,59224.42,0.018,59218.49,0.00628,59224.73,0.018,59218.06,0.00012,59224.85,0.0001,59218.01,0.02994,59224.86,0.018,59218.0,0.0319,59226.57,0.00506,59217.99,0.018,59227.66,0.00518,59217.73,0.0242,59227.67,0.00033,59217.72,0.018,59227.86,0.00012,59217.58,0.04034,59227.98,0.00022,59217.43,0.018,59227.99,0.02436,59217.27,0.00012,59228.0,0.0319,59216.76,0.00483,59228.04,0.04053,59216.4,0.0001,59229.11,0.00012,59216.33,0.03994,59229.44,0.0001,59216.0,0.0319,59229.82,0.04031,59215.0,0.02533,59230.0,0.0319,59214.8,0.00592,59230.96,0.00013,59214.56,0.0001,59231.04,0.03807,59214.4,0.00012,59231.1,0.06753,2024-07-13 23:59:40.749000
64,59218.97,0.00464,59224.28,0.00518,59218.9,0.00715,59224.29,0.018,59218.72,0.05251,59224.41,0.00518,59218.71,0.018,59224.42,0.018,59218.06,0.00012,59224.73,0.018,59218.0,0.0319,59224.85,0.0001,59217.99,0.018,59225.65,0.00012,59217.73,0.0242,59226.57,0.00506,59217.72,0.018,59227.66,0.00518,59217.58,0.04034,59227.67,0.00033,59217.43,0.018,59227.98,0.00022,59217.27,0.00012,59227.99,0.02436,59216.4,0.0001,59228.0,0.0319,59216.33,0.03994,59228.04,0.04053,59216.0,0.0319,59229.11,0.00012,59215.0,0.02533,59229.44,0.0001,59214.8,0.00592,59229.82,0.04031,59214.56,0.0001,59230.0,0.0319,59214.4,0.00012,59230.96,0.00013,59214.01,0.02017,59231.04,0.03807,2024-07-13 23:59:40.849000
65,59218.97,0.00464,59224.28,0.00518,59218.9,0.00715,59224.29,0.018,59218.72,0.05251,59224.42,0.018,59218.71,0.018,59224.72,0.0001,59218.06,0.00012,59224.73,0.018,59218.0,0.0319,59225.65,0.00012,59217.99,0.018,59226.57,0.00506,59217.72,0.018,59227.66,0.00518,59217.58,0.04034,59227.67,0.00033,59217.43,0.018,59227.98,0.0001,59217.27,0.00012,59227.99,0.02436,59216.4,0.0001,59228.0,0.0319,59216.34,0.02396,59228.04,0.04053,59216.33,0.03994,59229.11,0.00012,59216.0,0.0319,59229.44,0.0001,59215.0,0.02533,59229.82,0.04031,59214.8,0.00592,59230.0,0.0319,59214.56,0.0001,59230.96,0.00013,59214.4,0.00012,59231.04,0.03807,59214.01,0.02017,59231.1,0.06753,2024-07-13 23:59:40.949000
66,59219.15,0.00464,59223.86,0.03118,59219.09,0.018,59224.16,0.018,59218.9,0.00715,59224.25,0.00012,59218.72,0.05251,59224.27,0.0001,59218.71,0.018,59224.28,0.02309,59218.06,0.00012,59224.29,0.018,59218.0,0.0319,59224.41,0.0001,59217.99,0.018,59224.42,0.018,59217.72,0.018,59225.65,0.00012,59217.58,0.04034,59226.57,0.00506,59217.43,0.018,59227.67,0.00033,59217.27,0.00012,59227.99,0.02436,59216.4,0.0001,59228.0,0.0319,59216.34,0.02396,59228.04,0.04053,59216.33,0.03994,59229.11,0.00012,59216.0,0.0319,59229.44,0.0001,59215.0,0.02533,59229.82,0.04031,59214.8,0.00592,59230.0,0.0319,59214.56,0.0001,59230.96,0.00013,59214.4,0.00012,59231.04,0.03807,2024-07-13 23:59:41.049000
67,59219.15,0.00464,59223.62,0.03118,59219.09,0.018,59223.73,0.0001,59218.9,0.00715,59223.74,0.018,59218.72,0.05251,59224.16,0.018,59218.71,0.018,59224.25,0.00012,59218.06,0.00012,59224.27,0.0001,59218.0,0.0319,59224.28,0.02309,59217.99,0.018,59224.29,0.018,59217.72,0.018,59225.65,0.00012,59217.58,0.04034,59226.57,0.00506,59217.43,0.018,59227.66,0.00518,59217.27,0.00012,59227.67,0.00033,59216.4,0.0001,59227.99,0.02436,59216.34,0.02396,59228.0,0.0319,59216.33,0.03994,59228.04,0.04053,59216.0,0.0319,59229.11,0.00012,59215.0,0.02533,59229.44,0.0001,59214.8,0.00592,59229.82,0.04031,59214.56,0.0001,59230.0,0.0319,59214.4,0.00012,59230.96,0.00013,2024-07-13 23:59:41.149000
68,59219.38,0.00464,59223.61,0.018,59219.34,0.00819,59223.74,0.018,59219.33,0.00739,59224.15,0.0001,59219.27,0.018,59224.16,0.018,59219.09,0.018,59224.25,0.00012,59218.72,0.05251,59225.65,0.00012,59218.71,0.018,59226.57,0.00506,59218.06,0.00012,59227.66,0.00518,59218.0,0.0319,59227.67,0.00033,59217.99,0.018,59227.98,0.0001,59217.72,0.018,59227.99,0.02436,59217.58,0.04034,59228.0,0.0319,59217.43,0.018,59228.04,0.04053,59217.27,0.00012,59229.11,0.00012,59216.4,0.0001,59229.44,0.0001,59216.34,0.02396,59229.82,0.04031,59216.33,0.03994,59230.0,0.0319,59216.0,0.0319,59230.96,0.00013,59215.0,0.02533,59231.04,0.03807,59214.8,0.00592,59231.1,0.06753,2024-07-13 23:59:41.249000
69,59219.38,0.00464,59223.61,0.018,59219.34,0.00819,59223.74,0.018,59219.33,0.00739,59224.15,0.0001,59219.27,0.018,59224.16,0.018,59219.09,0.018,59224.25,0.00012,59218.72,0.05251,59225.65,0.00012,59218.71,0.018,59226.57,0.00506,59218.06,0.00012,59227.66,0.00518,59218.0,0.0319,59227.67,0.00033,59217.99,0.018,59227.98,0.0001,59217.72,0.018,59227.99,0.02436,59217.58,0.04034,59228.0,0.0319,59217.43,0.018,59228.04,0.04053,59217.27,0.00012,59228.41,0.0001,59216.4,0.0001,59229.11,0.00012,59216.34,0.02396,59229.82,0.04031,59216.33,0.03994,59230.0,0.0319,59216.0,0.0319,59230.96,0.00013,59215.0,0.02533,59231.04,0.03807,59214.8,0.00592,59231.1,0.06753,2024-07-13 23:59:41.349000
70,59219.53,0.00464,59223.61,0.018,59219.5,0.018,59223.74,0.018,59219.34,0.00819,59224.15,0.0001,59219.33,0.00739,59224.16,0.018,59219.27,0.018,59224.25,0.00012,59219.09,0.018,59225.65,0.00012,59218.72,0.05251,59226.56,0.00518,59218.71,0.018,59226.57,0.00506,59218.06,0.00012,59227.66,0.00518,59218.0,0.0319,59227.67,0.00033,59217.99,0.018,59227.98,0.0001,59217.72,0.018,59227.99,0.02436,59217.58,0.04034,59228.0,0.0319,59217.43,0.018,59228.04,0.04053,59217.27,0.00012,59228.41,0.0001,59216.4,0.0001,59229.11,0.00012,59216.34,0.02396,59229.82,0.04031,59216.33,0.03994,59230.0,0.0319,59216.0,0.0319,59230.96,0.00013,59215.0,0.02533,59231.04,0.03807,2024-07-13 23:59:41.449000
71,59219.53,0.00464,59223.61,0.018,59219.5,0.018,59223.74,0.018,59219.34,0.00819,59224.15,0.0001,59219.27,0.018,59224.16,0.018,59219.09,0.018,59225.65,0.00012,59218.72,0.05251,59226.56,0.00518,59218.71,0.018,59226.57,0.00506,59218.06,0.00012,59227.66,0.00518,59218.0,0.0319,59227.67,0.00033,59217.99,0.018,59227.98,0.0001,59217.72,0.018,59227.99,0.02436,59217.58,0.04034,59228.0,0.0319,59217.43,0.018,59228.04,0.04053,59217.27,0.00012,59228.41,0.0001,59216.4,0.0001,59229.11,0.00012,59216.34,0.02396,59229.82,0.04031,59216.33,0.03994,59230.0,0.0319,59216.0,0.0319,59230.96,0.00013,59215.0,0.02533,59231.04,0.03807,59214.8,0.00592,59231.1,0.06753,2024-07-13 23:59:41.549000
72,59219.57,0.00464,59223.61,0.018,59219.5,0.018,59223.74,0.018,59219.34,0.00819,59224.15,0.0001,59219.27,0.018,59224.16,0.018,59219.09,0.018,59225.65,0.00012,59218.72,0.05251,59226.0,0.0319,59218.71,0.018,59226.56,0.00518,59218.06,0.00012,59226.57,0.00506,59218.0,0.0319,59227.66,0.00518,59217.99,0.018,59227.67,0.00033,59217.72,0.018,59227.98,0.00022,59217.58,0.04034,59227.99,0.02436,59217.43,0.018,59228.0,0.0319,59217.27,0.00012,59228.04,0.04053,59216.4,0.0001,59228.41,0.0001,59216.34,0.02396,59229.11,0.00012,59216.33,0.03994,59229.82,0.04031,59216.0,0.0319,59230.0,0.0319,59215.0,0.02533,59230.96,0.00013,59214.8,0.00592,59231.04,0.03807,2024-07-13 23:59:41.649000
73,59219.58,0.00174,59223.61,0.018,59219.57,0.00464,59223.74,0.018,59219.5,0.018,59224.15,0.0001,59219.34,0.00819,59224.16,0.018,59219.27,0.018,59225.65,0.00012,59219.09,0.018,59225.99,0.02319,59218.72,0.05251,59226.0,0.0319,59218.71,0.018,59226.56,0.00518,59218.06,0.00012,59226.57,0.00506,59218.0,0.0319,59227.66,0.00518,59217.99,0.018,59227.67,0.00033,59217.72,0.018,59227.98,0.00012,59217.58,0.04034,59227.99,0.02436,59217.43,0.018,59228.0,0.0319,59217.27,0.00012,59228.04,0.04053,59216.4,0.0001,59228.41,0.0001,59216.34,0.02396,59229.11,0.00012,59216.33,0.03994,59229.82,0.04031,59216.0,0.0319,59230.0,0.0319,59215.0,0.02533,59230.96,0.00013,2024-07-13 23:59:41.749000
74,59219.58,0.00174,59223.61,0.018,59219.57,0.00464,59223.74,0.018,59219.5,0.018,59224.15,0.0001,59219.27,0.018,59224.16,0.018,59219.09,0.018,59225.65,0.00012,59218.72,0.05251,59225.98,0.02309,59218.71,0.018,59225.99,0.0001,59218.06,0.00012,59226.0,0.0319,59218.0,0.0319,59226.56,0.00518,59217.99,0.018,59226.57,0.00506,59217.72,0.018,59227.66,0.00518,59217.58,0.04034,59227.67,0.00033,59217.43,0.018,59227.98,0.00012,59217.27,0.00012,59227.99,0.02436,59216.4,0.0001,59228.0,0.0319,59216.34,0.02396,59228.04,0.04053,59216.33,0.03994,59228.41,0.0001,59216.0,0.0319,59229.11,0.00012,59215.0,0.02533,59229.82,0.04031,59214.8,0.00592,59230.0,0.0319,2024-07-13 23:59:41.849000
75,59219.57,0.00445,59223.42,0.03323,59219.5,0.018,59223.46,0.00518,59219.27,0.018,59223.47,0.026,59219.09,0.018,59223.61,0.018,59218.72,0.05251,59223.74,0.018,59218.71,0.018,59224.16,0.018,59218.06,0.00012,59225.65,0.00012,59218.0,0.0319,59225.98,0.02309,59217.99,0.018,59226.0,0.0319,59217.72,0.018,59226.56,0.00518,59217.58,0.04034,59226.57,0.00506,59217.43,0.018,59227.66,0.00518,59217.27,0.00012,59227.67,0.00033,59216.4,0.0001,59227.98,0.00012,59216.34,0.02396,59227.99,0.02436,59216.33,0.03994,59228.0,0.0319,59216.0,0.0319,59228.04,0.04053,59215.0,0.02533,59228.41,0.0001,59214.8,0.00592,59229.11,0.00012,59214.56,0.0001,59229.82,0.04031,2024-07-13 23:59:42.049000
76,59219.57,0.00445,59223.21,0.00528,59219.5,0.018,59223.22,0.03118,59219.27,0.018,59223.34,0.018,59219.09,0.018,59223.61,0.018,59218.71,0.018,59223.73,0.0001,59218.06,0.00012,59223.74,0.018,59217.99,0.018,59225.65,0.00012,59217.72,0.018,59225.98,0.02309,59217.58,0.04034,59226.0,0.0319,59217.43,0.018,59226.56,0.00518,59217.27,0.00012,59226.57,0.00506,59216.4,0.0001,59227.66,0.00518,59216.34,0.02396,59227.67,0.00033,59216.33,0.03994,59227.99,0.02436,59216.0,0.0319,59228.0,0.0319,59215.0,0.02533,59228.04,0.04053,59214.8,0.00592,59228.41,0.0001,59214.56,0.0001,59229.11,0.00012,59214.4,0.00012,59229.82,0.04031,59214.01,0.02017,59230.0,0.0319,2024-07-13 23:59:42.149000
77,59216.64,0.00117,59221.83,0.00518,59216.4,0.0181,59221.84,0.0033,59216.33,0.03994,59221.85,0.00518,59216.18,0.00012,59221.86,0.0001,59215.0,0.02533,59221.87,0.00518,59214.8,0.00592,59221.99,0.00095,59214.56,0.0001,59222.0,0.0319,59214.0,0.0336,59222.65,0.00012,59213.37,0.00013,59222.66,0.24473,59212.86,0.00012,59223.09,0.018,59212.01,0.0202,59223.34,0.018,59212.0,0.0336,59223.61,0.018,59211.84,0.00592,59225.65,0.00012,59211.56,0.13467,59225.98,0.01919,59211.55,0.05911,59226.0,0.0319,59211.1,0.06774,59226.57,0.00506,59210.89,0.00033,59227.67,0.00033,59210.73,0.22443,59227.99,0.02436,59210.41,0.00012,59228.0,0.0319,59210.0,0.0336,59228.04,0.04053,2024-07-13 23:59:42.249000
78,59214.56,0.0001,59219.93,0.00518,59213.37,0.018,59219.94,0.0002,59213.24,0.00012,59219.95,0.03118,59212.86,0.00012,59220.0,0.0319,59212.01,0.02376,59221.4,0.00012,59212.0,0.0336,59221.7,0.0002,59211.56,0.13467,59221.71,0.018,59211.1,0.06774,59221.82,0.00847,59210.89,0.00033,59221.83,0.00518,59210.73,0.22443,59221.99,0.00085,59210.0,0.0336,59222.0,0.0319,59209.6,0.00012,59222.65,0.17937,59208.88,0.00592,59223.09,0.018,59208.0,0.0336,59223.34,0.018,59207.42,0.00013,59223.59,0.00012,59207.14,0.69212,59224.0,0.0319,59207.0,0.00018,59225.3,0.00017,59206.4,0.2037,59226.0,0.0319,59206.39,1.27587,59226.57,0.00506,59206.17,0.0012,59226.85,0.00012,2024-07-13 23:59:42.349000
79,59214.68,0.0179,59219.93,0.00518,59214.57,0.00844,59219.94,0.0002,59214.56,0.0001,59219.95,0.03118,59213.37,0.018,59221.4,0.00012,59213.24,0.00012,59221.69,0.0002,59212.86,0.04074,59221.7,0.10768,59212.01,0.02376,59221.71,0.018,59212.0,0.0336,59221.82,0.00847,59211.56,0.13467,59221.99,0.00085,59211.1,0.06774,59222.0,0.0319,59211.08,0.04102,59222.65,0.00012,59210.89,0.00033,59223.09,0.018,59210.73,0.22443,59223.34,0.018,59210.0,0.0336,59223.59,0.00012,59209.6,0.00012,59223.95,0.03924,59208.88,0.00592,59223.99,0.01921,59208.0,0.0336,59224.0,0.0319,59207.42,0.00013,59225.3,0.00017,59207.14,0.69212,59225.73,0.03985,59207.0,0.00018,59226.0,0.0319,2024-07-13 23:59:42.449000
80,59214.68,0.0179,59219.8,0.00897,59214.56,0.0001,59219.81,0.018,59213.37,0.018,59219.94,0.02309,59213.24,0.00012,59221.4,0.00012,59212.87,0.04674,59221.68,0.00538,59212.86,0.04074,59221.69,0.06462,59212.0,0.0336,59221.71,0.018,59211.56,0.13467,59221.82,0.00847,59211.1,0.06774,59222.0,0.0319,59211.08,0.04102,59222.65,0.00012,59210.89,0.00033,59223.09,0.018,59210.73,0.22443,59223.59,0.00012,59210.0,0.0336,59223.95,0.03924,59209.6,0.00012,59224.0,0.0319,59208.88,0.00592,59225.3,0.00017,59208.0,0.0336,59225.72,0.02393,59207.42,0.00013,59225.73,0.03985,59207.14,0.69212,59226.0,0.0319,59207.0,0.00018,59226.57,0.00506,59206.4,0.2037,59226.85,0.00012,2024-07-13 23:59:42.550000
81,59214.69,0.00844,59219.76,0.00518,59214.68,0.0179,59219.77,0.00842,59214.56,0.0001,59219.78,0.05097,59213.37,0.018,59219.8,0.0001,59213.24,0.00012,59219.81,0.018,59212.87,0.04674,59221.4,0.00012,59212.86,0.04074,59221.68,0.04398,59212.0,0.0336,59221.71,0.018,59211.56,0.13467,59222.0,0.0319,59211.1,0.06774,59222.65,0.00012,59211.08,0.04102,59223.09,0.018,59210.89,0.00033,59223.59,0.00012,59210.73,0.22443,59223.95,0.03924,59210.0,0.0336,59224.0,0.0319,59209.6,0.00012,59225.3,0.00017,59208.88,0.00592,59225.72,0.02393,59208.0,0.0336,59225.73,0.03985,59207.42,0.00013,59226.0,0.0319,59207.14,0.69212,59226.57,0.00506,59207.0,0.00018,59226.85,0.00012,2024-07-13 23:59:42.650000
82,59214.81,0.018,59219.61,0.00518,59214.69,0.00844,59219.62,0.00308,59214.68,0.0179,59219.63,0.00528,59214.56,0.0001,59219.64,0.018,59213.37,0.018,59219.76,0.0001,59213.24,0.00012,59219.77,0.04144,59212.87,0.04674,59219.81,0.018,59212.86,0.04074,59221.4,0.00012,59212.0,0.0336,59221.71,0.018,59211.56,0.13467,59222.0,0.0319,59211.1,0.06774,59223.59,0.00012,59211.08,0.04102,59223.95,0.03924,59210.89,0.00033,59224.0,0.0319,59210.73,0.22443,59225.3,0.00017,59210.0,0.0336,59225.72,0.02393,59209.6,0.00012,59225.73,0.03985,59208.88,0.00592,59226.0,0.0319,59208.0,0.0336,59226.57,0.00506,59207.42,0.00013,59226.85,0.00012,59207.14,0.69212,59227.67,0.00033,2024-07-13 23:59:42.750000
83,59214.81,0.018,59219.61,0.00518,59214.69,0.00844,59219.62,0.00318,59214.68,0.0179,59219.63,0.02827,59214.56,0.0001,59219.64,0.018,59213.37,0.018,59219.8,0.0001,59213.24,0.00012,59219.81,0.018,59212.87,0.04674,59221.4,0.00012,59212.86,0.04074,59221.7,0.00012,59212.0,0.0336,59221.71,0.018,59211.56,0.13467,59222.0,0.0319,59211.1,0.06774,59223.59,0.00012,59211.08,0.04102,59223.95,0.03924,59210.89,0.00033,59224.0,0.0319,59210.73,0.22443,59225.3,0.00017,59210.0,0.0336,59225.72,0.02393,59209.6,0.00012,59225.73,0.03985,59208.88,0.00592,59226.0,0.0319,59208.0,0.0336,59226.57,0.00506,59207.42,0.00013,59226.85,0.00012,59207.14,0.69212,59227.67,0.00033,2024-07-13 23:59:42.850000
84,59214.81,0.018,59219.4,0.00518,59214.68,0.0179,59219.41,0.00847,59214.56,0.0001,59219.42,0.00518,59213.37,0.018,59219.43,0.00493,59213.24,0.00012,59219.46,0.08131,59212.87,0.04674,59219.48,0.0001,59212.86,0.04074,59219.49,0.018,59212.0,0.0336,59219.63,0.0001,59211.56,0.13467,59219.64,0.018,59211.1,0.06774,59219.81,0.018,59211.08,0.04102,59221.4,0.00012,59210.89,0.00033,59221.7,0.01934,59210.73,0.22443,59222.0,0.0319,59210.0,0.0336,59223.59,0.00012,59209.6,0.00012,59223.95,0.03924,59208.88,0.00592,59224.0,0.0319,59208.0,0.0336,59225.3,0.00017,59207.42,0.00013,59225.72,0.02393,59207.14,0.69212,59225.73,0.03985,59207.0,0.00018,59226.0,0.0319,2024-07-13 23:59:42.950000
85,59214.82,0.00844,59219.25,0.00518,59214.81,0.018,59219.26,0.00031,59214.68,0.0179,59219.27,0.00528,59214.56,0.0001,59219.28,0.018,59213.37,0.018,59219.41,0.00847,59213.24,0.00012,59219.44,0.0001,59212.87,0.04674,59219.45,0.08128,59212.86,0.04074,59219.49,0.018,59212.0,0.0336,59219.64,0.018,59211.56,0.13467,59221.4,0.00012,59211.1,0.06774,59221.7,0.00012,59211.08,0.04102,59222.0,0.0319,59210.89,0.00033,59223.59,0.00012,59210.73,0.22443,59223.95,0.03924,59210.0,0.0336,59224.0,0.0319,59209.6,0.00012,59225.3,0.00017,59208.88,0.00592,59225.72,0.02393,59208.0,0.0336,59225.73,0.03985,59207.42,0.00013,59226.0,0.0319,59207.0,0.00018,59226.57,0.00506,2024-07-13 23:59:43.050000
86,59214.94,0.018,59219.25,0.00518,59214.82,0.00844,59219.26,0.00041,59214.81,0.018,59219.27,0.02827,59214.68,0.0179,59219.28,0.018,59214.56,0.0001,59219.41,0.00847,59213.37,0.018,59219.48,0.0001,59213.24,0.00012,59219.49,0.018,59212.87,0.04674,59219.64,0.018,59212.86,0.04074,59221.4,0.00012,59212.0,0.0336,59221.7,0.00012,59211.56,0.13467,59221.99,0.01919,59211.1,0.06774,59222.0,0.0319,59211.08,0.04102,59223.59,0.00012,59210.89,0.00033,59223.95,0.03924,59210.73,0.22443,59224.0,0.0319,59210.0,0.0336,59225.3,0.00017,59209.6,0.00012,59225.72,0.02393,59208.88,0.00592,59225.73,0.03985,59208.0,0.0336,59226.0,0.0319,59207.42,0.00013,59226.57,0.00506,2024-07-13 23:59:43.150000
87,59214.94,0.018,59219.25,0.00518,59214.81,0.018,59219.26,0.00031,59214.68,0.0179,59219.27,0.00528,59214.56,0.0001,59219.28,0.018,59213.37,0.018,59219.41,0.00847,59213.24,0.00012,59219.49,0.018,59212.87,0.04674,59219.63,0.0001,59212.86,0.04074,59219.64,0.018,59212.0,0.0336,59221.4,0.00012,59211.56,0.13467,59221.7,0.00012,59211.1,0.06774,59221.99,0.01919,59211.08,0.04102,59222.0,0.0319,59210.89,0.00033,59223.59,0.00012,59210.73,0.22443,59223.95,0.03924,59210.0,0.0336,59224.0,0.0319,59209.6,0.00012,59225.3,0.00017,59208.88,0.00592,59225.72,0.02393,59208.0,0.0336,59225.73,0.03985,59207.42,0.00013,59226.0,0.0319,59207.0,0.00018,59226.57,0.00506,2024-07-13 23:59:43.250000
88,59214.95,0.00844,59219.25,0.00518,59214.94,0.018,59219.26,0.00041,59214.81,0.018,59219.27,0.02827,59214.68,0.0179,59219.28,0.018,59214.56,0.0001,59219.48,0.0001,59213.37,0.018,59219.49,0.018,59213.24,0.00012,59219.64,0.018,59212.87,0.04674,59221.4,0.00012,59212.86,0.04074,59221.99,0.01919,59212.0,0.0336,59222.0,0.0319,59211.56,0.13467,59223.59,0.00012,59211.1,0.06774,59223.95,0.03924,59211.08,0.04102,59224.0,0.0319,59210.89,0.00033,59225.3,0.00017,59210.73,0.22443,59225.72,0.02393,59210.0,0.0336,59225.73,0.03985,59209.6,0.00012,59226.0,0.0319,59208.88,0.00592,59226.57,0.00506,59208.0,0.0336,59226.85,0.00012,59207.42,0.00013,59227.67,0.00033,2024-07-13 23:59:43.350000
89,59214.95,0.00844,59219.25,0.00518,59214.94,0.018,59219.26,0.04981,59214.81,0.018,59219.27,0.0001,59214.68,0.0179,59219.28,0.018,59214.56,0.0001,59219.48,0.00012,59213.37,0.018,59219.49,0.018,59213.24,0.00012,59219.64,0.018,59212.87,0.04674,59221.4,0.00012,59212.86,0.04074,59221.98,0.00518,59212.0,0.0336,59221.99,0.01919,59211.56,0.13467,59222.0,0.0319,59211.1,0.06774,59222.35,0.0591,59211.08,0.04102,59223.59,0.00012,59210.89,0.00033,59223.95,0.03924,59210.73,0.22443,59224.0,0.0319,59210.0,0.0336,59225.3,0.00017,59209.6,0.00012,59225.72,0.02393,59208.88,0.00592,59225.73,0.03985,59208.0,0.0336,59226.0,0.0319,59207.42,0.00013,59226.57,0.00506,2024-07-13 23:59:43.450000
90,59215.07,0.018,59219.12,0.00528,59214.95,0.00844,59219.13,0.018,59214.94,0.018,59219.24,0.0001,59214.81,0.018,59219.25,0.0615,59214.68,0.0179,59219.28,0.018,59214.56,0.0001,59219.48,0.00012,59213.37,0.018,59219.49,0.018,59213.24,0.00012,59221.4,0.00012,59212.87,0.04674,59221.98,0.00518,59212.86,0.04074,59222.0,0.0319,59212.0,0.0336,59222.34,0.03546,59211.56,0.13467,59222.35,0.0591,59211.1,0.06774,59223.59,0.00012,59211.08,0.04102,59223.95,0.03924,59210.89,0.00033,59224.0,0.0319,59210.73,0.22443,59225.3,0.00017,59210.0,0.0336,59225.72,0.02393,59209.6,0.00012,59225.73,0.03985,59208.88,0.00592,59226.0,0.0319,59208.0,0.0336,59226.57,0.00506,2024-07-13 23:59:43.550000
91,59215.07,0.018,59219.12,0.00528,59214.94,0.018,59219.13,0.018,59214.81,0.018,59219.25,0.02309,59214.68,0.0179,59219.28,0.018,59214.56,0.0001,59219.48,0.00022,59213.37,0.018,59219.49,0.018,59213.24,0.00012,59221.4,0.00012,59212.87,0.04674,59221.81,0.04025,59212.86,0.04074,59222.0,0.0319,59212.0,0.0336,59222.34,0.03546,59211.56,0.13467,59222.35,0.0591,59211.1,0.06774,59223.59,0.00012,59211.08,0.04102,59223.95,0.03924,59210.89,0.00033,59224.0,0.0319,59210.73,0.22443,59225.3,0.00017,59210.0,0.0336,59225.72,0.02393,59209.6,0.00012,59225.73,0.03985,59208.88,0.00592,59226.0,0.0319,59208.0,0.0336,59226.57,0.00506,59207.42,0.00013,59226.85,0.00012,2024-07-13 23:59:43.650000
92,59215.08,0.00844,59218.97,0.00518,59215.07,0.018,59218.98,0.026,59214.94,0.018,59218.99,0.06711,59214.81,0.018,59219.0,0.018,59214.68,0.0179,59219.12,0.0001,59214.56,0.0001,59219.13,0.018,59213.37,0.018,59219.28,0.018,59213.24,0.00012,59219.48,0.00022,59212.87,0.04674,59221.4,0.00012,59212.86,0.04074,59221.8,0.00518,59212.0,0.0336,59221.81,0.04025,59211.56,0.13467,59222.0,0.0319,59211.1,0.06774,59222.34,0.03546,59211.08,0.04102,59222.35,0.0591,59210.89,0.00033,59223.59,0.00012,59210.73,0.22443,59223.95,0.03924,59210.0,0.0336,59224.0,0.0319,59209.6,0.00012,59225.3,0.00017,59208.88,0.00592,59225.72,0.02393,59208.0,0.0336,59225.73,0.03985,2024-07-13 23:59:43.750000
93,59215.08,0.00844,59218.97,0.00518,59215.07,0.018,59218.98,0.026,59214.94,0.018,59218.99,0.04402,59214.81,0.018,59219.0,0.018,59214.68,0.0179,59219.13,0.018,59214.56,0.0001,59219.28,0.018,59213.37,0.018,59219.48,0.00012,59213.24,0.00012,59221.4,0.00012,59212.86,0.04074,59221.8,0.00518,59212.0,0.0336,59221.81,0.04025,59211.56,0.13467,59222.0,0.0319,59211.1,0.06774,59222.34,0.03546,59211.08,0.04102,59222.35,0.0591,59210.89,0.00033,59223.01,0.0001,59210.73,0.22443,59223.59,0.00012,59210.0,0.0336,59223.95,0.03924,59209.6,0.00012,59224.0,0.0319,59208.88,0.00592,59225.3,0.00017,59208.0,0.0336,59225.72,0.02393,59207.42,0.00013,59225.73,0.03985,2024-07-13 23:59:43.850000
94,59215.08,0.00844,59218.97,0.00528,59215.07,0.018,59218.98,0.0261,59214.94,0.018,59218.99,0.04402,59214.81,0.018,59219.0,0.018,59214.68,0.0179,59219.13,0.018,59214.56,0.0001,59219.28,0.018,59213.37,0.018,59221.4,0.00012,59213.24,0.00012,59221.8,0.00518,59212.86,0.04074,59221.81,0.04025,59212.0,0.0336,59222.0,0.0319,59211.56,0.13467,59222.34,0.03546,59211.1,0.06774,59222.35,0.0591,59211.08,0.04102,59223.01,0.0001,59210.89,0.00033,59223.59,0.00012,59210.73,0.22443,59223.95,0.03924,59210.0,0.0336,59224.0,0.0319,59209.6,0.00012,59225.3,0.00017,59208.88,0.00592,59225.72,0.02393,59208.0,0.0336,59225.73,0.03985,59207.42,0.00013,59226.0,0.0319,2024-07-13 23:59:43.950000
95,59215.08,0.00844,59218.78,0.00365,59215.07,0.018,59218.79,0.00518,59214.94,0.018,59218.81,0.0053,59214.81,0.018,59218.82,0.00518,59214.68,0.0179,59218.83,0.0001,59214.56,0.0001,59218.84,0.06698,59213.37,0.018,59218.85,0.018,59213.24,0.00012,59219.0,0.018,59212.86,0.04074,59219.13,0.018,59212.0,0.0336,59221.4,0.00012,59211.56,0.13467,59221.81,0.04025,59211.1,0.06774,59222.0,0.0319,59211.08,0.04102,59222.34,0.03546,59210.89,0.00033,59222.35,0.0591,59210.73,0.22443,59223.01,0.0001,59210.0,0.0336,59223.59,0.00012,59209.6,0.00012,59223.95,0.03924,59208.88,0.00592,59224.0,0.0319,59208.0,0.0336,59224.99,0.00013,59207.42,0.00013,59225.3,0.00017,2024-07-13 23:59:44.050000
96,59215.07,0.018,59218.63,0.00528,59214.94,0.018,59218.64,0.026,59214.81,0.018,59218.65,0.05999,59214.68,0.0179,59218.66,0.018,59214.56,0.0001,59218.76,0.00842,59213.82,0.00483,59218.81,0.00012,59213.37,0.018,59218.85,0.018,59213.24,0.00012,59219.0,0.018,59212.86,0.04074,59221.4,0.00012,59212.0,0.0336,59221.8,0.00518,59211.56,0.13467,59221.81,0.04025,59211.1,0.06774,59222.0,0.0319,59211.08,0.04102,59222.34,0.03546,59210.89,0.00033,59222.35,0.0591,59210.73,0.22443,59223.01,0.0001,59210.0,0.0336,59223.59,0.00012,59209.6,0.00012,59223.95,0.03924,59208.88,0.00592,59224.0,0.0319,59208.0,0.0336,59224.99,0.00013,59207.42,0.00013,59225.3,0.00017,2024-07-13 23:59:44.150000
97,59213.82,0.00483,59217.98,0.0001,59213.37,0.018,59217.99,0.03118,59213.24,0.00012,59218.0,0.0319,59212.86,0.04062,59218.5,0.0001,59212.83,0.0001,59218.51,0.018,59212.0,0.0336,59218.63,0.05312,59211.56,0.13467,59218.66,0.018,59211.1,0.06774,59218.76,0.00842,59211.08,0.04102,59218.81,0.00012,59210.89,0.00033,59218.85,0.018,59210.73,0.22443,59221.39,0.00518,59210.0,0.0336,59221.4,0.00012,59209.6,0.00012,59221.8,0.00518,59208.88,0.00592,59221.81,0.04025,59208.0,0.0336,59222.0,0.0319,59207.42,0.00013,59222.34,0.03546,59207.0,0.00018,59222.35,0.0591,59206.41,0.03555,59223.01,0.0001,59206.39,0.05911,59223.59,0.00012,59206.17,0.0012,59223.95,0.03924,2024-07-13 23:59:44.250000
98,59213.37,0.018,59217.96,0.00518,59213.24,0.00012,59217.97,0.026,59212.86,0.04062,59217.98,0.018,59212.83,0.0001,59217.99,0.0001,59211.56,0.13467,59218.0,0.0319,59211.1,0.06774,59218.5,0.0416,59211.08,0.04102,59218.51,0.018,59210.89,0.00033,59218.66,0.018,59210.73,0.22443,59218.76,0.00842,59210.0,0.0336,59218.81,0.00012,59209.6,0.00012,59221.39,0.00518,59209.56,0.00012,59221.4,0.00012,59208.88,0.00592,59221.81,0.04025,59208.0,0.0336,59222.0,0.0319,59207.42,0.00013,59222.34,0.03546,59207.0,0.00018,59222.35,0.0591,59206.41,0.03555,59223.01,0.0001,59206.39,0.05911,59223.59,0.00012,59206.17,0.0012,59223.95,0.03924,59206.0,0.0336,59224.0,0.0319,2024-07-13 23:59:44.350000
99,59213.37,0.018,59217.84,0.00528,59213.24,0.00012,59217.85,0.018,59212.86,0.04062,59217.95,0.0001,59212.83,0.0001,59217.96,0.06312,59211.11,0.11452,59217.98,0.018,59211.1,0.06774,59218.0,0.0319,59211.08,0.04102,59218.51,0.018,59210.89,0.00033,59218.81,0.00012,59210.73,0.22443,59221.39,0.00518,59210.0,0.0336,59221.4,0.00012,59209.6,0.00012,59221.81,0.04025,59209.56,0.00012,59222.0,0.0319,59208.88,0.00592,59222.34,0.03546,59208.0,0.0336,59222.35,0.0591,59207.42,0.00013,59223.01,0.0001,59207.0,0.00018,59223.59,0.00012,59206.41,0.03555,59223.95,0.03924,59206.39,0.05911,59224.0,0.0319,59206.17,0.0012,59224.99,0.00013,59206.0,0.0336,59225.3,0.00017,2024-07-13 23:59:44.451000
100,59213.37,0.018,59217.82,0.00528,59213.24,0.00012,59217.83,0.0261,59212.86,0.04062,59217.84,0.0473,59212.83,0.0001,59217.85,0.018,59211.11,0.11452,59217.98,0.018,59211.1,0.06774,59218.0,0.0319,59211.08,0.04102,59218.51,0.018,59210.89,0.00033,59221.39,0.00518,59210.73,0.22443,59221.4,0.00012,59210.0,0.0336,59221.81,0.04025,59209.6,0.00012,59222.0,0.0319,59209.56,0.00012,59222.35,0.0591,59208.88,0.00592,59223.01,0.0001,59208.0,0.0336,59223.59,0.00012,59207.42,0.00013,59223.95,0.03924,59207.0,0.00018,59224.0,0.0319,59206.41,0.03555,59224.99,0.00013,59206.39,0.05911,59225.3,0.00017,59206.17,0.0012,59225.72,0.02393,59206.0,0.0336,59225.73,0.03985,2024-07-13 23:59:44.551000
101,59213.37,0.018,59217.66,0.00571,59213.24,0.00012,59217.67,0.00518,59212.86,0.04062,59217.69,0.00518,59212.83,0.0001,59217.7,0.018,59211.11,0.11452,59217.83,0.00022,59211.1,0.06774,59217.84,0.0473,59211.08,0.04102,59217.85,0.018,59210.89,0.00033,59217.98,0.018,59210.73,0.22443,59218.0,0.0319,59210.0,0.0336,59221.39,0.00518,59209.6,0.00012,59221.4,0.00012,59209.56,0.00012,59221.8,0.03549,59208.88,0.00592,59221.81,0.04025,59208.0,0.0336,59222.0,0.0319,59207.42,0.00013,59222.35,0.0591,59207.0,0.00018,59223.01,0.0001,59206.41,0.03555,59223.59,0.00012,59206.39,0.05911,59223.95,0.03924,59206.17,0.0012,59224.0,0.0319,59206.0,0.0336,59224.99,0.00013,2024-07-13 23:59:44.651000
102,59213.37,0.018,59217.5,0.00518,59213.24,0.00012,59217.51,0.026,59212.86,0.04062,59217.52,0.02309,59212.83,0.0001,59217.53,0.018,59211.11,0.11452,59217.64,0.00081,59211.1,0.06774,59217.7,0.018,59211.08,0.04102,59217.83,0.00022,59210.89,0.00033,59217.84,0.0473,59210.73,0.22443,59217.85,0.018,59210.0,0.0336,59218.0,0.0319,59209.6,0.00012,59221.4,0.00012,59209.56,0.00012,59221.8,0.03549,59208.88,0.00592,59221.81,0.04025,59208.0,0.0336,59222.0,0.0319,59207.42,0.00013,59222.35,0.0591,59207.0,0.00018,59223.01,0.0001,59206.41,0.03555,59223.59,0.00012,59206.39,0.05911,59223.95,0.03924,59206.17,0.0012,59224.0,0.0319,59206.0,0.0336,59224.99,0.00013,2024-07-13 23:59:44.751000
103,59213.37,0.018,59217.5,0.00518,59213.24,0.00012,59217.51,0.026,59212.86,0.04062,59217.52,0.02319,59212.83,0.0001,59217.53,0.018,59211.11,0.11452,59217.64,0.00081,59211.1,0.06774,59217.7,0.018,59211.08,0.04102,59217.83,0.00012,59210.89,0.00033,59217.84,0.02421,59210.73,0.22443,59217.85,0.018,59210.0,0.0336,59218.0,0.0319,59209.6,0.00012,59221.39,0.00518,59209.56,0.00012,59221.4,0.00012,59208.88,0.00592,59221.8,0.03549,59208.0,0.0336,59221.81,0.04025,59207.42,0.00013,59222.0,0.0319,59207.0,0.00018,59222.35,0.0591,59206.41,0.03555,59223.01,0.0001,59206.39,0.05911,59223.59,0.00012,59206.17,0.0012,59223.95,0.03924,59206.0,0.0336,59224.0,0.0319,2024-07-13 23:59:44.851000
104,59213.37,0.018,59217.37,0.00518,59213.24,0.00012,59217.38,0.018,59212.86,0.04062,59217.49,0.00117,59212.83,0.0001,59217.52,0.02319,59211.11,0.11452,59217.53,0.018,59211.1,0.06774,59217.7,0.018,59211.08,0.04102,59217.83,0.00012,59210.89,0.00033,59217.84,0.02421,59210.73,0.22443,59218.0,0.0319,59210.0,0.0336,59221.39,0.00518,59209.6,0.00012,59221.4,0.00012,59209.56,0.00012,59221.8,0.03549,59208.88,0.00592,59221.81,0.04025,59208.0,0.0336,59222.0,0.0319,59207.42,0.00013,59222.35,0.0591,59207.0,0.00018,59223.01,0.0001,59206.41,0.03555,59223.59,0.00012,59206.39,0.05911,59223.95,0.03924,59206.17,0.0012,59224.0,0.0319,59206.0,0.0336,59224.99,0.00013,2024-07-13 23:59:44.951000
105,59213.37,0.018,59217.37,0.00528,59213.24,0.00012,59217.38,0.018,59212.86,0.04062,59217.49,0.00117,59212.83,0.0001,59217.52,0.02319,59211.11,0.11452,59217.53,0.018,59211.1,0.06774,59217.7,0.018,59211.08,0.04102,59217.83,0.00012,59210.89,0.00033,59217.84,0.02421,59210.73,0.22443,59218.0,0.0319,59210.0,0.0336,59221.39,0.00518,59209.6,0.00012,59221.4,0.00012,59209.56,0.00012,59221.8,0.03549,59208.88,0.00592,59221.81,0.04025,59208.0,0.0336,59221.87,0.0001,59207.42,0.00013,59222.0,0.0319,59207.0,0.00018,59222.35,0.0591,59206.41,0.03555,59223.59,0.00012,59206.39,0.05911,59223.95,0.03924,59206.17,0.0012,59224.0,0.0319,59206.0,0.0336,59224.99,0.00013,2024-07-13 23:59:45.051000
106,59213.37,0.018,59217.37,0.00528,59213.24,0.00012,59217.38,0.018,59212.86,0.04062,59217.49,0.00117,59212.83,0.0001,59217.52,0.02319,59211.11,0.11452,59217.53,0.018,59211.1,0.06774,59217.7,0.018,59211.08,0.04102,59217.84,0.02421,59210.89,0.00033,59218.0,0.0319,59210.73,0.22443,59221.39,0.00518,59210.0,0.0336,59221.4,0.00012,59209.6,0.00012,59221.8,0.03549,59209.56,0.00012,59221.81,0.04025,59208.88,0.00592,59221.87,0.0001,59208.0,0.0336,59222.0,0.0319,59207.42,0.00013,59222.35,0.0591,59207.0,0.00018,59223.59,0.00012,59206.41,0.03555,59223.95,0.03924,59206.39,0.05911,59224.0,0.0319,59206.17,0.0012,59224.99,0.00013,59206.0,0.0336,59225.3,0.00017,2024-07-13 23:59:45.151000
107,59213.37,0.018,59217.24,0.00528,59212.86,0.04062,59217.25,0.018,59212.83,0.0001,59217.38,0.018,59211.15,0.00012,59217.51,0.0001,59211.11,0.11452,59217.52,0.02309,59211.1,0.06774,59217.53,0.018,59211.08,0.04102,59217.83,0.00012,59210.89,0.00033,59217.84,0.02421,59210.73,0.22443,59218.0,0.0319,59210.0,0.0336,59221.39,0.00518,59209.6,0.00012,59221.4,0.00012,59209.56,0.00012,59221.8,0.03549,59208.88,0.00592,59221.81,0.04025,59208.0,0.0336,59221.87,0.0001,59207.42,0.00013,59222.0,0.0319,59207.0,0.00018,59222.35,0.0591,59206.41,0.03555,59223.59,0.00012,59206.39,0.05911,59223.95,0.03924,59206.17,0.0012,59224.0,0.0319,59206.0,0.0336,59224.99,0.00013,2024-07-13 23:59:45.251000
108,59213.37,0.018,59217.24,0.00528,59212.86,0.04062,59217.25,0.018,59212.83,0.0001,59217.38,0.018,59211.15,0.00012,59217.53,0.018,59211.11,0.11452,59217.83,0.00022,59211.1,0.06774,59217.84,0.02421,59211.08,0.04102,59221.39,0.00518,59210.89,0.00033,59221.4,0.00012,59210.73,0.22443,59221.8,0.03549,59210.0,0.0336,59221.81,0.04025,59209.6,0.00012,59221.87,0.0001,59209.56,0.00012,59222.0,0.0319,59208.88,0.00592,59222.35,0.0591,59208.0,0.0336,59223.59,0.00012,59207.42,0.00013,59223.95,0.03924,59207.0,0.00018,59224.0,0.0319,59206.41,0.03555,59224.99,0.00013,59206.39,0.05911,59225.3,0.00017,59206.17,0.0012,59225.72,0.02393,59206.0,0.0336,59225.73,0.03985,2024-07-13 23:59:45.351000
109,59213.37,0.018,59217.24,0.00528,59212.86,0.04062,59217.25,0.018,59212.83,0.0001,59217.38,0.018,59211.15,0.00012,59217.53,0.018,59211.11,0.11452,59217.83,0.00012,59211.1,0.06774,59221.38,0.0002,59211.08,0.04102,59221.39,0.00518,59210.89,0.00033,59221.4,0.00012,59210.73,0.22443,59221.8,0.05858,59210.0,0.0336,59221.81,0.04025,59209.6,0.00012,59221.87,0.0001,59209.56,0.00012,59222.0,0.0319,59208.88,0.00592,59222.35,0.0591,59208.0,0.0336,59223.59,0.00012,59207.42,0.00013,59223.95,0.03924,59207.0,0.00018,59224.0,0.0319,59206.41,0.03555,59224.99,0.00013,59206.39,0.05911,59225.3,0.00017,59206.17,0.0012,59225.72,0.02393,59206.0,0.0336,59225.73,0.03985,2024-07-13 23:59:45.451000
110,59213.37,0.018,59217.24,0.00528,59212.86,0.04062,59217.25,0.018,59212.83,0.0001,59217.38,0.018,59211.15,0.00012,59217.53,0.018,59211.11,0.11452,59217.83,0.00012,59211.1,0.06774,59221.37,0.00518,59211.08,0.04102,59221.39,0.00518,59210.89,0.00033,59221.4,0.00012,59210.73,0.22443,59221.8,0.05858,59210.0,0.0336,59221.81,0.04025,59209.6,0.00012,59221.87,0.0001,59209.56,0.00012,59222.0,0.0319,59208.88,0.00592,59222.35,0.0591,59208.0,0.0336,59223.59,0.00012,59207.42,0.00013,59223.95,0.03924,59207.0,0.00018,59224.0,0.0319,59206.41,0.03555,59224.99,0.00013,59206.39,0.05911,59225.3,0.00017,59206.17,0.0012,59225.72,0.02393,59206.0,0.0336,59225.73,0.03985,2024-07-13 23:59:45.551000
111,59217.61,0.036,59221.33,0.00519,59215.55,0.00629,59221.34,0.01109,59214.0,0.0319,59221.79,0.0001,59213.38,0.00012,59221.8,0.05858,59213.37,0.018,59221.81,0.04025,59213.33,0.0128,59221.87,0.0001,59212.86,0.04062,59222.0,0.0319,59212.83,0.0001,59222.35,0.0591,59212.0,0.0319,59223.59,0.00012,59211.15,0.00012,59223.62,0.00012,59211.11,0.11452,59223.95,0.03924,59211.1,0.06774,59224.0,0.0319,59211.08,0.04102,59224.99,0.00013,59210.89,0.00033,59225.3,0.00017,59210.73,0.22443,59225.72,0.02393,59210.0,0.0336,59225.73,0.03985,59209.6,0.00012,59226.0,0.0319,59209.56,0.00012,59226.57,0.00506,59208.88,0.00592,59226.8,0.02983,59208.0,0.0336,59226.81,0.04972,2024-07-13 23:59:45.651000
112,59219.01,0.01409,59221.87,0.0181,59217.62,0.00519,59222.34,0.02309,59217.61,0.036,59222.35,0.0591,59217.28,0.01035,59223.59,0.00012,59215.55,0.00629,59223.62,0.00012,59215.26,0.00012,59223.94,0.00517,59214.01,0.00519,59223.95,0.03924,59214.0,0.0319,59224.0,0.0319,59213.38,0.00012,59224.99,0.00013,59213.37,0.018,59225.3,0.00017,59213.07,0.00012,59225.72,0.02393,59212.86,0.04062,59225.73,0.03985,59212.83,0.0001,59226.0,0.0319,59212.0,0.0319,59226.57,0.00506,59211.11,0.11452,59226.8,0.02983,59211.1,0.06774,59226.81,0.04972,59211.08,0.04102,59226.85,0.00012,59210.89,0.00033,59227.67,0.00033,59210.73,0.22443,59228.0,0.0319,59210.0,0.0336,59228.15,0.0001,2024-07-13 23:59:45.751000
113,59221.94,0.018,59225.72,0.04313,59219.19,0.00519,59226.57,0.00506,59219.13,0.018,59226.81,0.04972,59218.0,0.0319,59226.93,0.00012,59217.62,0.00519,59227.67,0.00033,59217.61,0.036,59227.99,0.01921,59216.0,0.0319,59228.0,0.0319,59215.26,0.00012,59228.15,0.0001,59214.01,0.05458,59230.0,0.05723,59214.0,0.0319,59230.96,0.00013,59213.38,0.00012,59231.04,0.03807,59213.37,0.018,59231.1,0.06753,59213.07,0.00012,59231.61,0.0002,59212.86,0.04062,59232.0,0.0336,59212.83,0.0001,59232.38,0.00012,59212.0,0.0319,59233.17,0.02024,59211.85,0.05911,59233.23,0.00084,59211.11,0.11452,59234.0,0.0336,59211.1,0.06774,59236.0,0.0319,59211.08,0.04102,59236.49,0.02,2024-07-13 23:59:45.851000
114,59221.94,0.018,59226.0,0.0319,59220.1,0.00012,59226.45,0.018,59219.19,0.00519,59226.57,0.00506,59219.14,0.03003,59226.8,0.02309,59219.13,0.018,59226.81,0.04972,59218.0,0.0319,59226.93,0.00012,59217.91,0.00012,59227.67,0.00033,59217.62,0.0216,59228.0,0.0319,59217.61,0.036,59228.15,0.0001,59216.0,0.0319,59228.55,0.03915,59214.66,0.0053,59230.0,0.05723,59214.02,0.00518,59230.6,0.00012,59214.0,0.0319,59230.96,0.00013,59213.38,0.00012,59231.04,0.03807,59213.37,0.01813,59231.1,0.06753,59212.87,0.03548,59231.61,0.0002,59212.86,0.04062,59232.0,0.0336,59212.83,0.0001,59232.38,0.00012,59212.0,0.0319,59233.17,0.02024,59211.85,0.05911,59233.23,0.00084,2024-07-13 23:59:45.951000
115,59222.07,0.00519,59226.45,0.018,59221.94,0.018,59226.57,0.00506,59220.1,0.00012,59226.81,0.04972,59219.15,0.00518,59226.93,0.00012,59219.14,0.03003,59227.67,0.00033,59219.13,0.018,59227.99,0.04274,59218.0,0.0319,59228.0,0.0319,59217.91,0.00012,59228.15,0.0001,59217.62,0.0216,59228.55,0.03915,59217.61,0.036,59230.0,0.05723,59216.0,0.0319,59230.6,0.00012,59214.66,0.00012,59230.96,0.00013,59214.0,0.0319,59231.04,0.03807,59213.38,0.00012,59231.1,0.06753,59213.37,0.01813,59231.61,0.0002,59212.87,0.03548,59232.0,0.0336,59212.86,0.04062,59232.38,0.00012,59212.83,0.0001,59233.17,0.02024,59212.0,0.0319,59233.23,0.00084,59211.85,0.05911,59234.0,0.0336,2024-07-13 23:59:46.051000
116,59222.26,0.00519,59226.45,0.018,59222.2,0.00519,59226.57,0.00506,59222.19,0.018,59226.81,0.04972,59221.94,0.018,59226.93,0.00012,59220.1,0.00012,59227.11,0.03924,59219.16,0.00012,59227.67,0.00033,59219.15,0.00518,59227.98,0.0684,59219.14,0.03003,59228.0,0.0319,59219.13,0.018,59228.15,0.0001,59218.0,0.0319,59228.55,0.03915,59217.91,0.00012,59230.0,0.05723,59217.62,0.0216,59230.6,0.00012,59217.61,0.036,59230.96,0.00013,59216.0,0.0319,59231.04,0.03807,59214.66,0.00012,59231.1,0.06753,59214.0,0.0319,59231.61,0.0002,59213.37,0.01813,59232.0,0.0336,59212.87,0.03548,59232.38,0.00012,59212.86,0.04062,59233.17,0.02024,59212.83,0.0001,59233.23,0.00084,2024-07-13 23:59:46.151000
117,59222.26,0.00519,59226.45,0.018,59222.2,0.00519,59226.57,0.00506,59222.19,0.018,59226.8,0.02309,59221.94,0.018,59226.81,0.04972,59220.1,0.00012,59226.93,0.00012,59219.16,0.00012,59227.11,0.03924,59219.15,0.00518,59227.67,0.00033,59219.14,0.03003,59228.0,0.0319,59219.13,0.018,59228.15,0.0001,59218.0,0.0319,59228.55,0.03915,59217.91,0.00012,59230.0,0.05723,59217.62,0.0216,59230.6,0.00012,59217.61,0.036,59230.96,0.00013,59216.0,0.0319,59231.04,0.02021,59214.66,0.00012,59231.1,0.06753,59214.0,0.0319,59231.61,0.0002,59213.37,0.01813,59232.0,0.0336,59212.87,0.03548,59232.38,0.00012,59212.86,0.04062,59233.23,0.00084,59212.83,0.0001,59234.0,0.0336,2024-07-13 23:59:46.251000
118,59222.26,0.00519,59226.45,0.018,59222.2,0.00519,59226.57,0.00506,59222.19,0.018,59226.93,0.00012,59221.94,0.018,59227.1,0.04303,59220.1,0.00012,59227.11,0.03924,59219.16,0.00012,59227.67,0.00033,59219.15,0.00518,59228.0,0.0319,59219.14,0.03003,59228.15,0.0001,59219.13,0.018,59228.55,0.03915,59218.0,0.0319,59230.0,0.05723,59217.91,0.00012,59230.6,0.00012,59217.62,0.0216,59230.96,0.00013,59217.61,0.036,59231.04,0.03799,59216.0,0.0319,59231.1,0.06753,59214.66,0.00012,59231.61,0.0002,59214.0,0.0319,59232.0,0.0336,59213.37,0.01813,59232.38,0.00012,59212.87,0.03548,59233.23,0.00084,59212.86,0.04062,59234.0,0.0336,59212.83,0.0001,59236.0,0.0319,2024-07-13 23:59:46.351000
119,59222.7,0.00519,59226.45,0.018,59222.69,0.00124,59226.57,0.00506,59222.68,0.00519,59226.93,0.00012,59222.39,0.03319,59227.11,0.03924,59222.38,0.018,59227.67,0.00033,59222.19,0.018,59228.0,0.0319,59221.94,0.018,59228.15,0.0001,59220.1,0.00012,59228.55,0.03915,59220.0,0.0319,59230.0,0.05723,59219.16,0.00012,59230.6,0.00012,59219.14,0.03003,59230.96,0.00013,59219.13,0.018,59231.04,0.03799,59218.0,0.0319,59231.1,0.06753,59217.91,0.00012,59231.61,0.0002,59217.62,0.0216,59232.0,0.0336,59217.61,0.036,59232.38,0.00012,59216.0,0.0319,59233.23,0.00084,59214.66,0.00012,59233.99,0.02018,59214.0,0.0319,59234.0,0.0336,59213.37,0.01813,59236.0,0.0319,2024-07-13 23:59:46.451000
120,59222.83,0.00519,59226.45,0.018,59222.82,0.018,59226.57,0.00506,59222.69,0.00124,59226.93,0.00012,59222.39,0.03319,59227.67,0.00033,59222.38,0.018,59228.0,0.0319,59222.19,0.018,59228.15,0.0001,59221.94,0.018,59228.55,0.03915,59220.1,0.00012,59230.0,0.05723,59220.01,0.00518,59230.6,0.00012,59220.0,0.0319,59230.96,0.00013,59219.16,0.00012,59231.04,0.03799,59219.14,0.01918,59231.1,0.06753,59219.13,0.018,59231.61,0.0002,59218.0,0.0319,59232.0,0.0336,59217.91,0.00012,59232.38,0.00012,59217.62,0.0216,59233.23,0.00084,59217.61,0.036,59233.99,0.02018,59216.0,0.0319,59234.0,0.0336,59214.66,0.00012,59236.0,0.0319,59214.2,0.04068,59236.49,0.02,2024-07-13 23:59:46.551000
121,59222.83,0.00519,59226.45,0.018,59222.82,0.018,59226.57,0.00506,59222.69,0.00124,59226.93,0.00012,59222.39,0.03319,59227.67,0.00033,59222.38,0.018,59228.0,0.0319,59222.2,0.00012,59228.15,0.0001,59222.19,0.018,59228.55,0.03915,59221.94,0.018,59230.0,0.05723,59220.1,0.00012,59230.6,0.00012,59220.01,0.00518,59230.96,0.00013,59220.0,0.0319,59231.04,0.03799,59219.14,0.01918,59231.1,0.06753,59219.13,0.018,59231.61,0.0002,59218.0,0.0319,59232.0,0.0336,59217.91,0.00012,59232.38,0.00012,59217.62,0.0216,59233.23,0.00084,59217.61,0.036,59233.99,0.02018,59217.53,0.04022,59234.0,0.0336,59216.0,0.0319,59236.0,0.0319,59215.75,0.03997,59236.49,0.02,2024-07-13 23:59:46.651000
122,59223.04,0.0128,59227.9,0.00518,59222.96,0.04405,59227.91,0.00506,59222.82,0.018,59228.15,0.0181,59222.38,0.018,59228.55,0.03915,59222.2,0.00012,59229.58,0.00012,59222.19,0.018,59229.99,0.00518,59221.94,0.018,59230.0,0.05723,59220.1,0.00012,59230.6,0.00012,59220.0,0.0319,59230.96,0.00013,59219.14,0.01918,59231.04,0.03799,59219.13,0.018,59231.1,0.06753,59218.0,0.0319,59231.61,0.0002,59217.91,0.00012,59232.0,0.0336,59217.62,0.0216,59232.38,0.00012,59217.53,0.04022,59233.23,0.00084,59216.0,0.0319,59233.99,0.02018,59215.75,0.03997,59234.0,0.0336,59214.66,0.00012,59236.0,0.0319,59214.2,0.04068,59236.49,0.02,59214.0,0.0319,59236.83,0.00169,2024-07-13 23:59:46.752000
123,59223.16,0.018,59227.9,0.00518,59222.96,0.04405,59227.91,0.00506,59222.82,0.018,59228.15,0.0181,59222.38,0.018,59228.55,0.03915,59222.2,0.00012,59229.58,0.00012,59222.19,0.018,59229.99,0.00518,59221.94,0.018,59230.0,0.05723,59220.1,0.00012,59230.6,0.00012,59220.01,0.01918,59230.96,0.00013,59220.0,0.0319,59231.04,0.06108,59219.32,0.00013,59231.1,0.06753,59219.13,0.018,59231.61,0.0002,59218.0,0.0319,59232.0,0.0336,59217.91,0.00012,59232.38,0.00012,59217.62,0.0216,59233.23,0.00084,59217.53,0.04022,59234.0,0.0336,59216.0,0.0319,59235.99,0.01919,59215.75,0.03997,59236.0,0.0319,59214.66,0.00012,59236.49,0.02,59214.0,0.0319,59236.83,0.00169,2024-07-13 23:59:46.852000
124,59223.16,0.018,59227.77,0.00518,59222.96,0.04405,59227.78,0.018,59222.82,0.018,59227.9,0.00518,59222.38,0.018,59227.91,0.00506,59222.2,0.00012,59228.15,0.0181,59222.19,0.018,59228.54,0.02309,59221.94,0.018,59228.55,0.03915,59220.1,0.00012,59229.58,0.00012,59220.01,0.01918,59229.99,0.00518,59220.0,0.0319,59230.0,0.05723,59219.43,0.03935,59230.6,0.00012,59219.32,0.00013,59230.96,0.00013,59219.13,0.018,59231.04,0.03799,59218.0,0.0319,59231.1,0.06753,59217.91,0.00012,59231.61,0.0002,59217.62,0.0216,59232.0,0.0336,59217.53,0.04022,59232.38,0.00012,59216.0,0.0319,59233.23,0.00084,59215.75,0.03997,59233.99,0.02022,59214.66,0.00012,59234.0,0.0336,2024-07-13 23:59:46.952000
125,59223.16,0.018,59227.77,0.00518,59222.96,0.04405,59227.78,0.018,59222.82,0.018,59227.9,0.00518,59222.38,0.018,59227.91,0.00506,59222.2,0.00012,59228.15,0.0181,59222.19,0.018,59228.54,0.02309,59221.94,0.018,59228.55,0.03915,59220.1,0.00012,59229.58,0.00012,59220.01,0.01918,59229.99,0.00518,59220.0,0.0319,59230.0,0.05723,59219.43,0.03935,59230.6,0.00012,59219.32,0.00013,59230.96,0.00013,59219.13,0.018,59231.04,0.03799,59218.0,0.0319,59231.1,0.06753,59217.91,0.00012,59231.61,0.0002,59217.62,0.0216,59232.0,0.0336,59217.53,0.04022,59232.38,0.00012,59216.0,0.0319,59233.23,0.00084,59215.75,0.03997,59233.99,0.02022,59214.66,0.00012,59234.0,0.0336,2024-07-13 23:59:47.052000
126,59223.16,0.018,59227.77,0.00518,59222.96,0.04405,59227.78,0.018,59222.82,0.018,59227.9,0.00518,59222.39,0.00012,59227.91,0.00506,59222.38,0.018,59228.15,0.0181,59222.19,0.018,59228.54,0.02309,59221.94,0.018,59228.55,0.03915,59220.1,0.00012,59229.58,0.00012,59220.01,0.01918,59229.99,0.00518,59220.0,0.0319,59230.0,0.05723,59219.43,0.03935,59230.6,0.00012,59219.32,0.00013,59230.96,0.00013,59219.13,0.018,59231.04,0.03799,59218.0,0.0319,59231.1,0.06753,59217.91,0.00012,59231.61,0.0002,59217.62,0.0216,59232.0,0.0336,59217.53,0.04022,59232.38,0.00012,59216.0,0.0319,59233.23,0.00084,59215.75,0.03997,59233.99,0.02022,59214.66,0.00012,59234.0,0.0336,2024-07-13 23:59:47.152000
127,59223.16,0.018,59227.77,0.00518,59222.96,0.04405,59227.78,0.018,59222.82,0.018,59227.91,0.00506,59222.39,0.00012,59228.15,0.0181,59222.38,0.018,59228.54,0.02309,59222.19,0.018,59228.55,0.03915,59221.94,0.018,59229.58,0.00012,59220.1,0.00012,59229.99,0.00518,59220.01,0.01918,59230.0,0.05723,59220.0,0.0319,59230.6,0.00012,59219.43,0.03935,59230.96,0.00013,59219.32,0.00013,59231.04,0.03799,59219.13,0.018,59231.1,0.06753,59218.0,0.0319,59231.61,0.0002,59217.91,0.00012,59232.0,0.0336,59217.62,0.0216,59232.38,0.00012,59217.53,0.04022,59233.23,0.00084,59216.0,0.0319,59233.99,0.02022,59215.75,0.03997,59234.0,0.0336,59214.66,0.00012,59236.0,0.0319,2024-07-13 23:59:47.252000
128,59223.16,0.018,59227.77,0.00518,59222.96,0.04405,59227.78,0.018,59222.82,0.018,59227.91,0.00506,59222.39,0.00012,59228.15,0.0181,59222.38,0.018,59228.54,0.02309,59222.19,0.018,59228.55,0.03915,59221.94,0.018,59229.58,0.00012,59220.1,0.00012,59229.99,0.00518,59220.01,0.01918,59230.0,0.05723,59220.0,0.0319,59230.6,0.00012,59219.43,0.03935,59230.96,0.00013,59219.32,0.00013,59231.04,0.03799,59219.13,0.018,59231.1,0.06753,59218.0,0.0319,59231.61,0.0002,59217.91,0.00012,59232.0,0.0336,59217.62,0.0216,59232.38,0.00012,59217.53,0.04022,59233.23,0.00084,59216.0,0.0319,59233.99,0.02022,59215.75,0.03997,59234.0,0.0336,59214.66,0.00012,59236.0,0.0319,2024-07-13 23:59:47.352000
129,59223.16,0.018,59227.77,0.00518,59222.96,0.04405,59227.78,0.018,59222.82,0.018,59227.91,0.00506,59222.39,0.00012,59228.15,0.0181,59222.38,0.018,59228.54,0.02309,59222.19,0.018,59228.55,0.03915,59221.94,0.018,59229.58,0.00012,59220.1,0.00012,59229.99,0.00518,59220.01,0.01918,59230.0,0.05723,59220.0,0.0319,59230.6,0.00012,59219.43,0.03935,59230.96,0.00013,59219.32,0.00013,59231.04,0.03799,59219.13,0.018,59231.1,0.06753,59218.0,0.0319,59231.61,0.0002,59217.91,0.00012,59232.0,0.0336,59217.62,0.0216,59232.16,0.05909,59217.53,0.04022,59232.38,0.00012,59216.0,0.0319,59233.23,0.00084,59215.75,0.03997,59233.99,0.02022,59214.66,0.00012,59234.0,0.0336,2024-07-13 23:59:47.452000
130,59223.16,0.018,59227.77,0.00518,59222.96,0.04405,59227.78,0.018,59222.82,0.018,59227.91,0.00506,59222.39,0.00012,59228.15,0.0181,59222.38,0.018,59228.54,0.02309,59222.19,0.018,59228.55,0.03915,59221.94,0.018,59229.58,0.00012,59220.1,0.00012,59229.99,0.00518,59220.01,0.01918,59230.0,0.05723,59220.0,0.0319,59230.6,0.00012,59219.43,0.03935,59230.96,0.00013,59219.32,0.00013,59231.04,0.03799,59219.13,0.018,59231.1,0.06753,59218.0,0.0319,59231.61,0.0002,59217.91,0.00012,59232.0,0.0336,59217.62,0.0216,59232.16,0.05909,59217.53,0.04022,59232.38,0.00012,59216.0,0.0319,59233.23,0.00084,59215.75,0.03997,59233.99,0.02022,59214.66,0.00012,59234.0,0.0336,2024-07-13 23:59:47.552000
131,59223.16,0.018,59227.77,0.00518,59222.82,0.018,59227.78,0.018,59222.39,0.00012,59227.91,0.00506,59222.38,0.018,59228.15,0.0181,59222.19,0.018,59228.54,0.02309,59221.94,0.018,59228.55,0.03915,59220.1,0.00012,59229.58,0.00012,59220.01,0.05131,59229.99,0.00518,59220.0,0.0319,59230.0,0.05723,59219.43,0.03935,59230.6,0.00012,59219.32,0.00013,59230.96,0.00013,59219.13,0.018,59231.04,0.03799,59218.0,0.0319,59231.1,0.06753,59217.91,0.00012,59231.61,0.0002,59217.62,0.0216,59232.0,0.0336,59217.53,0.04022,59232.16,0.05909,59216.0,0.0319,59232.38,0.00012,59215.75,0.03997,59233.23,0.00084,59214.66,0.00012,59233.99,0.02022,59214.0,0.0319,59234.0,0.0336,2024-07-13 23:59:47.652000
132,59220.1,0.01812,59225.93,0.00518,59220.02,0.00253,59225.94,0.00024,59219.43,0.03935,59225.95,0.03118,59219.32,0.00013,59225.96,0.06071,59219.13,0.018,59225.97,0.00847,59218.0,0.0319,59226.0,0.0303,59217.91,0.00012,59227.17,0.00012,59217.62,0.0216,59227.65,0.018,59217.53,0.04022,59227.76,0.00506,59216.0,0.0319,59227.77,0.00518,59215.75,0.03997,59227.78,0.018,59214.66,0.00012,59228.0,0.0303,59214.0,0.0319,59228.15,0.0181,59213.59,0.04982,59228.54,0.02309,59213.37,0.00013,59228.55,0.03915,59212.87,0.1881,59229.58,0.00012,59212.83,0.0001,59230.0,0.05723,59212.69,0.04987,59230.6,0.00012,59212.0,0.0319,59230.96,0.00013,59211.85,0.05911,59231.04,0.03799,2024-07-13 23:59:47.752000
133,59220.1,0.01812,59225.78,0.00518,59220.02,0.00253,59225.79,0.00447,59219.43,0.03935,59225.8,0.00518,59219.32,0.00013,59225.81,0.018,59219.13,0.018,59225.93,0.00518,59218.0,0.0319,59225.94,0.04227,59217.91,0.00012,59226.0,0.0303,59217.53,0.04022,59227.17,0.00012,59216.01,0.04316,59227.64,0.02356,59216.0,0.0319,59227.65,0.018,59215.75,0.03997,59227.76,0.00506,59214.66,0.00012,59227.78,0.018,59214.0,0.0319,59228.0,0.0303,59213.59,0.04982,59228.15,0.0181,59213.37,0.00013,59228.55,0.03915,59212.87,0.03548,59230.0,0.05723,59212.83,0.0001,59230.6,0.00012,59212.69,0.04987,59230.96,0.00013,59212.0,0.0319,59231.04,0.03799,59211.85,0.05911,59231.1,0.06753,2024-07-13 23:59:47.852000
134,59220.1,0.01812,59225.78,0.00518,59219.44,0.00253,59225.79,0.00447,59219.43,0.03935,59225.8,0.06271,59219.32,0.00013,59225.81,0.018,59219.13,0.018,59225.94,0.00024,59218.0,0.0319,59226.0,0.0303,59217.91,0.00012,59227.17,0.00012,59217.53,0.04022,59227.65,0.018,59216.01,0.04316,59227.76,0.00506,59216.0,0.0319,59227.78,0.018,59215.75,0.03997,59228.0,0.0303,59214.66,0.00012,59228.15,0.0181,59214.0,0.0319,59228.55,0.03915,59213.59,0.04982,59230.0,0.05723,59213.37,0.00013,59230.6,0.00012,59212.87,0.03548,59230.96,0.00013,59212.83,0.0001,59231.04,0.03799,59212.69,0.04987,59231.1,0.06753,59212.0,0.0319,59231.61,0.0002,59211.85,0.05911,59232.0,0.0336,2024-07-13 23:59:47.952000
135,59220.1,0.01812,59225.78,0.00518,59219.44,0.00253,59225.79,0.00447,59219.43,0.03935,59225.8,0.03439,59219.32,0.00013,59225.81,0.018,59219.13,0.018,59225.94,0.00024,59218.0,0.0319,59226.0,0.0303,59217.91,0.00012,59227.17,0.00012,59217.53,0.04022,59227.64,0.02349,59216.01,0.04316,59227.65,0.018,59216.0,0.0319,59227.76,0.00506,59215.75,0.03997,59227.78,0.018,59214.66,0.00012,59228.0,0.0303,59214.0,0.0319,59228.15,0.0181,59213.59,0.04982,59228.55,0.03915,59213.37,0.00013,59230.0,0.05723,59212.87,0.03548,59230.6,0.00012,59212.83,0.0001,59230.96,0.00013,59212.69,0.04987,59231.04,0.03799,59212.0,0.0319,59231.1,0.06753,59211.85,0.05911,59231.61,0.0002,2024-07-13 23:59:48.052000
136,59220.11,0.00315,59225.78,0.00518,59220.1,0.01812,59225.79,0.00447,59219.44,0.00253,59225.8,0.03439,59219.43,0.03935,59225.81,0.018,59219.32,0.00013,59225.94,0.00024,59219.13,0.018,59226.0,0.0303,59218.0,0.0319,59227.17,0.00012,59217.91,0.00012,59227.64,0.02349,59217.53,0.04022,59227.65,0.018,59216.01,0.04316,59227.76,0.00506,59216.0,0.0319,59227.78,0.018,59215.75,0.03997,59228.0,0.0303,59214.66,0.00012,59228.15,0.0181,59214.0,0.0319,59228.55,0.03915,59213.59,0.04982,59230.0,0.05723,59213.37,0.00013,59230.6,0.00012,59212.87,0.03548,59230.96,0.00013,59212.83,0.0001,59231.04,0.03799,59212.69,0.04987,59231.1,0.06753,59212.0,0.0319,59231.61,0.0002,2024-07-13 23:59:48.152000
137,59220.11,0.00315,59225.63,0.00518,59220.1,0.01812,59225.64,0.026,59219.44,0.00253,59225.65,0.04572,59219.43,0.03935,59225.66,0.018,59219.32,0.00013,59225.81,0.018,59219.13,0.018,59226.0,0.0303,59218.0,0.0319,59227.17,0.00012,59217.91,0.00012,59227.64,0.02349,59217.53,0.04022,59227.65,0.018,59216.01,0.04316,59227.76,0.00506,59216.0,0.0319,59227.78,0.018,59215.75,0.03997,59228.0,0.0303,59214.66,0.00012,59228.15,0.0001,59214.0,0.0319,59228.55,0.03915,59213.59,0.04982,59230.0,0.05723,59213.37,0.00013,59230.6,0.00012,59212.87,0.03548,59230.96,0.00013,59212.83,0.0001,59231.04,0.03799,59212.69,0.04987,59231.1,0.06753,59212.0,0.0319,59231.61,0.0002,2024-07-13 23:59:48.252000
138,59220.11,0.00315,59225.63,0.00542,59220.1,0.01812,59225.64,0.026,59219.44,0.00253,59225.65,0.04572,59219.43,0.03935,59225.66,0.018,59219.32,0.00013,59225.81,0.018,59219.13,0.018,59226.0,0.0303,59218.0,0.0319,59227.17,0.00012,59217.91,0.00012,59227.64,0.02349,59217.53,0.04022,59227.65,0.018,59216.01,0.04316,59227.76,0.00506,59216.0,0.0319,59227.78,0.018,59215.75,0.03997,59228.0,0.0303,59214.66,0.00012,59228.15,0.0001,59214.0,0.0319,59228.55,0.03915,59213.37,0.00013,59230.0,0.05723,59212.87,0.03548,59230.6,0.00012,59212.83,0.0001,59230.96,0.00013,59212.0,0.0319,59231.04,0.03799,59211.85,0.05911,59231.1,0.06753,59211.84,0.00592,59231.61,0.0002,2024-07-13 23:59:48.352000
139,59220.24,0.00386,59225.63,0.00542,59220.23,0.018,59225.64,0.026,59220.1,0.01812,59225.65,0.04572,59219.44,0.00253,59225.66,0.018,59219.43,0.03935,59225.81,0.018,59219.32,0.00013,59226.0,0.0303,59219.13,0.018,59227.17,0.00012,59218.0,0.0319,59227.64,0.02349,59217.91,0.00012,59227.65,0.018,59217.53,0.04022,59227.76,0.00506,59216.01,0.04316,59227.78,0.018,59216.0,0.0319,59228.0,0.0303,59215.75,0.03997,59228.15,0.0001,59214.66,0.00012,59228.55,0.03915,59214.0,0.0319,59230.0,0.05723,59213.37,0.00013,59230.6,0.00012,59212.87,0.03548,59230.96,0.00013,59212.83,0.0001,59231.04,0.03799,59212.0,0.0319,59231.1,0.06753,59211.85,0.05911,59231.61,0.0002,2024-07-13 23:59:48.452000
140,59220.24,0.00386,59225.48,0.00518,59220.23,0.018,59225.49,0.026,59220.1,0.01812,59225.5,0.06946,59219.44,0.00253,59225.51,0.018,59219.43,0.03935,59225.63,0.00024,59219.32,0.00013,59225.66,0.018,59219.13,0.018,59225.81,0.018,59218.0,0.0319,59226.0,0.0303,59217.91,0.00012,59227.17,0.00012,59217.53,0.04022,59227.64,0.02349,59216.01,0.04316,59227.65,0.018,59216.0,0.0319,59227.76,0.00506,59215.75,0.03997,59228.0,0.0303,59214.66,0.00012,59228.15,0.0001,59214.0,0.0319,59228.55,0.03915,59213.37,0.00013,59230.0,0.05723,59212.87,0.03548,59230.6,0.00012,59212.83,0.0001,59230.96,0.00013,59212.0,0.0319,59231.04,0.03799,59211.85,0.05911,59231.1,0.06753,2024-07-13 23:59:48.553000
141,59220.24,0.00386,59225.48,0.00518,59220.23,0.018,59225.49,0.026,59220.1,0.01812,59225.5,0.02309,59219.44,0.00253,59225.51,0.018,59219.43,0.03935,59225.63,0.00024,59219.32,0.00013,59225.66,0.018,59219.13,0.018,59225.81,0.018,59218.0,0.0319,59226.0,0.0303,59217.91,0.00012,59227.17,0.00012,59217.53,0.04022,59227.64,0.02349,59216.01,0.04316,59227.65,0.018,59216.0,0.0319,59227.76,0.00506,59215.75,0.03997,59228.0,0.0303,59214.66,0.00012,59228.15,0.0001,59214.0,0.0319,59228.55,0.03915,59213.37,0.00013,59230.0,0.05723,59212.87,0.03548,59230.6,0.00012,59212.83,0.0001,59230.96,0.00013,59212.0,0.0319,59231.04,0.03799,59211.85,0.05911,59231.1,0.06753,2024-07-13 23:59:48.653000
142,59222.2,0.00515,59227.16,0.00518,59222.15,0.01357,59227.17,0.018,59222.14,0.0128,59227.64,0.00518,59222.06,0.00847,59227.65,0.018,59222.0,0.0303,59227.76,0.00506,59220.37,0.00012,59227.99,0.0418,59220.36,0.018,59228.15,0.0001,59220.23,0.018,59228.55,0.03915,59220.1,0.01812,59229.03,0.00012,59220.0,0.0303,59230.0,0.05723,59219.44,0.00253,59230.6,0.00012,59219.43,0.03935,59230.96,0.00013,59219.32,0.00013,59231.04,0.03799,59219.13,0.018,59231.1,0.06753,59218.0,0.0319,59231.61,0.0002,59217.91,0.00012,59232.0,0.0336,59217.53,0.04022,59232.16,0.05909,59216.01,0.04316,59232.38,0.00012,59216.0,0.0319,59233.23,0.00084,59215.75,0.03997,59233.99,0.02022,2024-07-13 23:59:48.753000
143,59224.73,0.00518,59229.67,0.00506,59224.67,0.00518,59229.88,0.0001,59224.01,0.00847,59230.0,0.02533,59224.0,0.0303,59230.6,0.00012,59222.33,0.04357,59230.96,0.00013,59222.32,0.018,59231.04,0.09152,59222.18,0.00012,59231.1,0.06753,59222.15,0.00842,59231.35,0.00012,59222.0,0.0303,59231.61,0.0002,59220.37,0.07606,59232.0,0.0336,59220.36,0.018,59232.16,0.05909,59220.23,0.018,59232.38,0.00012,59220.1,0.018,59233.23,0.00084,59220.0,0.0303,59233.99,0.02022,59219.44,0.00253,59234.0,0.0336,59219.43,0.03935,59235.2,0.04967,59219.32,0.00013,59236.0,0.0319,59219.13,0.018,59236.83,0.00169,59218.0,0.0319,59236.93,0.00013,59217.91,0.00012,59237.0,0.00018,2024-07-13 23:59:48.853000
144,59226.0,0.0303,59233.23,0.00084,59224.86,0.00518,59234.0,0.0336,59224.85,0.018,59235.19,0.02985,59224.01,0.02668,59235.2,0.04967,59224.0,0.0303,59236.0,0.0319,59222.32,0.018,59236.83,0.00169,59222.18,0.00012,59236.93,0.00013,59222.15,0.00842,59237.0,0.00018,59222.0,0.0303,59238.1,0.00012,59220.38,0.00518,59239.42,0.22442,59220.37,0.02377,59239.99,0.36001,59220.36,0.018,59240.0,0.0016,59220.23,0.018,59240.67,0.60838,59220.1,0.018,59240.75,0.02,59220.0,0.0303,59240.84,0.001,59219.44,0.00253,59241.0,0.004,59219.43,0.03935,59241.1,0.06752,59219.32,0.00013,59241.19,0.09544,59219.13,0.018,59242.32,0.02,59218.0,0.0319,59242.48,0.00169,2024-07-13 23:59:48.953000
145,59228.07,0.00518,59232.8,0.0034,59228.06,0.00614,59233.23,0.00084,59228.05,0.00518,59233.77,0.00012,59228.04,0.05565,59234.0,0.0336,59228.0,0.0303,59235.19,0.02985,59226.23,0.00518,59235.2,0.04967,59226.2,0.00842,59235.96,0.00012,59226.12,0.018,59236.0,0.0319,59226.0,0.0303,59236.83,0.00169,59224.86,0.04034,59236.93,0.00013,59224.85,0.018,59237.0,0.00018,59224.75,0.00012,59238.0,0.0303,59224.0,0.0303,59238.1,0.00012,59222.56,0.00012,59238.53,0.0002,59222.32,0.018,59239.22,0.00012,59222.0,0.0303,59239.42,0.22442,59220.82,0.00012,59239.99,0.36001,59220.37,0.02377,59240.0,0.0016,59220.36,0.018,59241.0,0.004,59220.23,0.018,59241.1,0.06752,2024-07-13 23:59:49.053000
