,bid_prc1,bid_vol1,ask_prc1,ask_vol1,bid_prc2,bid_vol2,ask_prc2,ask_vol2,bid_prc3,bid_vol3,ask_prc3,ask_vol3,bid_prc4,bid_vol4,ask_prc4,ask_vol4,bid_prc5,bid_vol5,ask_prc5,ask_vol5,bid_prc6,bid_vol6,ask_prc6,ask_vol6,bid_prc7,bid_vol7,ask_prc7,ask_vol7,bid_prc8,bid_vol8,ask_prc8,ask_vol8,bid_prc9,bid_vol9,ask_prc9,ask_vol9,bid_prc10,bid_vol10,ask_prc10,ask_vol10,bid_prc11,bid_vol11,ask_prc11,ask_vol11,bid_prc12,bid_vol12,ask_prc12,ask_vol12,bid_prc13,bid_vol13,ask_prc13,ask_vol13,bid_prc14,bid_vol14,ask_prc14,ask_vol14,bid_prc15,bid_vol15,ask_prc15,ask_vol15,bid_prc16,bid_vol16,ask_prc16,ask_vol16,bid_prc17,bid_vol17,ask_prc17,ask_vol17,bid_prc18,bid_vol18,ask_prc18,ask_vol18,bid_prc19,bid_vol19,ask_prc19,ask_vol19,bid_prc20,bid_vol20,ask_prc20,ask_vol20,date
0,59196.27,0.379323,58807.05,0.541959,59194.28,0.145,59196.28,0.014334,59192.16,0.005039,59200.22,0.29,59191.24,0.112645,59202.09,0.388804,59190.51,0.540946,59203.17,0.070664,59187.2,0.017001,59205.35,0.2,59185.64,0.145,59205.45,0.422614,59179.0,0.270926,59207.58,0.145,59178.99,0.0074,59209.68,0.540946,59177.51,0.145,59209.71,0.009992,59175.85,0.422614,59210.66,0.112641,59175.01,0.008446,59214.73,0.291465,59173.85,0.001735,59217.91,0.17054,59171.43,0.145,59220.0,0.416848,59169.24,0.564887,59220.65,0.145,59167.32,0.000844,59221.87,0.008445,59167.15,0.015644,59227.66,0.145,59162.52,0.145,59227.8,2.133948,59162.27,0.506533,59229.49,0.21381,59162.01,0.422614,59229.5,0.599093,2024-07-13 23:59:33.984000
1,59196.27,0.379323,58807.05,0.541959,59194.28,0.145,59196.28,0.159334,59192.16,0.005039,59200.22,0.29,59191.24,0.112645,59202.09,0.388804,59190.51,0.540946,59205.34,0.070664,59187.2,0.017001,59205.35,0.2,59185.64,0.145,59205.45,0.422614,59179.0,0.270926,59207.58,0.145,59178.99,0.0074,59209.68,0.540946,59177.51,0.145,59209.71,0.009992,59175.85,0.422614,59210.66,0.112641,59175.01,0.008446,59214.73,0.291465,59173.85,0.001735,59217.91,0.17054,59171.43,0.145,59220.0,0.416848,59169.24,0.564887,59220.65,0.145,59167.32,0.000844,59221.87,0.008445,59167.15,0.015644,59227.66,0.145,59162.52,0.145,59227.8,2.133948,59162.27,0.506533,59229.49,0.21381,59162.01,0.422614,59229.5,0.599093,2024-07-13 23:59:34.002000
2,59196.27,0.178785,58807.05,0.541959,59194.29,0.2,59196.28,0.159334,59194.28,0.145,59200.22,0.29,59192.87,0.388804,59202.09,0.388804,59192.16,0.005039,59205.34,0.070664,59191.24,0.112645,59205.35,0.2,59190.51,0.540946,59205.45,0.422614,59187.2,0.017001,59207.58,0.145,59185.64,0.145,59209.68,0.540946,59179.0,0.270926,59209.71,0.009992,59178.99,0.0074,59210.66,0.112641,59177.51,0.145,59214.73,0.291465,59175.85,0.422614,59217.91,0.17054,59175.01,0.008446,59220.0,0.416848,59173.85,0.001735,59220.65,0.145,59171.43,0.145,59221.87,0.008445,59169.24,0.564887,59227.65,0.2295,59167.32,0.000844,59227.66,0.145,59167.15,0.015644,59227.8,2.133948,59162.52,0.145,59229.5,0.599093,2024-07-13 23:59:34.103000
3,59196.27,0.050676,58807.05,0.541959,59195.51,0.145,59196.28,0.159334,59194.29,0.2,59200.22,0.29,59194.28,0.145,59202.09,0.388804,59192.87,0.388804,59205.34,0.070664,59192.16,0.005039,59205.35,0.2,59191.24,0.112645,59205.45,0.422614,59190.51,0.540946,59207.58,0.145,59187.2,0.017001,59209.68,0.540946,59185.64,0.145,59209.71,0.009992,59179.0,0.270926,59210.66,0.112641,59178.99,0.0074,59214.73,0.291465,59177.51,0.145,59217.91,0.17054,59175.85,0.422614,59220.0,0.416848,59175.01,0.008446,59220.65,0.145,59173.85,0.001735,59221.87,0.008445,59171.43,0.145,59227.65,0.2295,59169.24,0.564887,59227.66,0.145,59167.32,0.000844,59227.8,2.133948,59167.15,0.015644,59229.5,0.599093,2024-07-13 23:59:34.201000
4,59196.27,0.395676,58807.05,0.541959,59195.51,0.145,59196.28,0.159334,59194.29,0.2,59200.22,0.29,59194.28,0.145,59202.09,0.388804,59192.87,0.388804,59205.07,0.070664,59191.24,0.112645,59205.08,0.005068,59190.51,0.540946,59205.35,0.2,59187.2,0.017001,59205.45,0.422614,59185.64,0.145,59207.58,0.145,59179.0,0.270926,59209.68,0.540946,59178.99,0.0074,59209.71,0.009992,59177.51,0.145,59210.66,0.112641,59175.85,0.422614,59214.73,0.291465,59175.01,0.008446,59217.91,0.17054,59173.85,0.001735,59220.0,0.416848,59171.43,0.145,59220.65,0.145,59169.24,0.564887,59221.87,0.008445,59167.32,0.000844,59227.65,0.2295,59167.15,0.015644,59227.66,0.145,59162.52,0.145,59227.8,2.133948,2024-07-13 23:59:34.309000
5,59196.27,0.250676,58807.05,0.541959,59195.51,0.145,59196.28,0.159334,59194.28,0.145,59200.22,0.29,59192.87,0.388804,59202.09,0.388804,59191.24,0.112645,59205.07,0.070664,59190.51,0.540946,59205.08,0.005068,59187.2,0.017001,59205.35,0.2,59185.64,0.145,59205.45,0.422614,59179.0,0.270926,59207.58,0.145,59178.99,0.0074,59209.68,0.540946,59177.51,0.145,59209.71,0.009992,59175.85,0.422614,59210.66,0.112641,59175.01,0.008446,59214.73,0.291465,59173.85,0.001735,59217.91,0.17054,59171.43,0.145,59220.0,0.416848,59169.24,0.564887,59220.65,0.145,59167.32,0.000844,59221.87,0.008445,59167.15,0.015644,59227.65,0.2295,59162.52,0.145,59227.66,0.145,59162.27,0.506533,59227.8,2.133948,2024-07-13 23:59:34.572000
6,59196.27,0.395676,58807.05,0.541959,59195.51,0.145,59196.28,0.159334,59194.28,0.145,59200.22,0.29,59192.87,0.388804,59202.09,0.388804,59191.24,0.112645,59205.07,0.070664,59190.51,0.540946,59205.08,0.005068,59187.2,0.017001,59205.35,0.2,59185.64,0.145,59205.45,0.422614,59179.0,0.270926,59207.58,0.145,59178.99,0.0074,59209.68,0.540946,59177.51,0.145,59209.71,0.009992,59175.85,0.422614,59210.66,0.112641,59175.01,0.008446,59214.73,0.291465,59173.85,0.001735,59217.91,0.17054,59171.43,0.145,59220.0,0.416848,59169.24,0.564887,59220.65,0.145,59167.32,0.000844,59221.87,0.008445,59167.15,0.015644,59227.65,0.2295,59163.66,0.540946,59227.66,0.145,59162.52,0.145,59227.8,2.133948,2024-07-13 23:59:34.628000
7,59196.27,0.250676,58807.05,0.541959,59195.51,0.145,59196.28,0.159334,59194.28,0.145,59200.22,0.29,59192.87,0.388804,59202.09,0.388804,59191.24,0.112645,59205.07,0.070664,59190.51,0.540946,59205.08,0.005068,59187.2,0.017001,59205.35,0.2,59185.64,0.145,59205.45,0.422614,59179.0,0.270926,59207.58,0.145,59178.99,0.0074,59209.68,0.540946,59177.51,0.145,59209.71,0.009992,59175.85,0.422614,59210.66,0.112641,59175.01,0.008446,59214.73,0.291465,59173.85,0.001735,59217.91,0.17054,59171.43,0.145,59220.0,0.416848,59169.24,0.564887,59220.65,0.145,59167.32,0.000844,59221.87,0.008445,59167.15,0.015644,59227.65,0.2295,59163.66,0.540946,59227.66,0.145,59162.52,0.145,59227.8,2.133948,2024-07-13 23:59:34.735000
8,59196.27,0.250676,58807.05,0.541959,59194.28,0.145,59196.28,0.159334,59192.87,0.388804,59200.22,0.29,59191.24,0.112645,59202.09,0.388804,59190.51,0.540946,59205.07,0.070664,59189.82,0.005188,59205.08,0.005068,59187.2,0.017001,59205.35,0.2,59185.64,0.145,59205.45,0.422614,59179.0,0.270926,59207.58,0.145,59178.99,0.0074,59209.68,0.540946,59177.51,0.145,59209.71,0.009992,59175.85,0.422614,59210.66,0.112641,59175.01,0.008446,59214.73,0.291465,59173.85,0.001735,59217.91,0.17054,59171.43,0.145,59220.0,0.416848,59169.24,0.564887,59220.65,0.145,59167.32,0.000844,59221.87,0.008445,59167.15,0.015644,59227.65,0.2295,59163.66,0.540946,59227.66,0.145,59162.52,0.145,59227.8,2.133948,2024-07-13 23:59:34.980000
9,59196.27,0.250676,58807.05,0.541959,59194.28,0.145,59196.28,0.193119,59192.87,0.388804,59200.22,0.29,59191.24,0.112645,59202.09,0.388804,59190.51,0.540946,59205.07,0.070664,59189.82,0.005188,59205.08,0.005068,59187.2,0.017001,59205.35,0.2,59185.64,0.145,59205.45,0.422614,59179.0,0.270926,59207.58,0.145,59178.99,0.0074,59209.68,0.540946,59177.51,0.145,59209.71,0.009992,59175.85,0.422614,59210.66,0.112641,59175.01,0.008446,59214.73,0.291465,59173.85,0.001735,59217.91,0.17054,59171.43,0.145,59220.0,0.416848,59169.24,0.564887,59220.65,0.145,59167.32,0.000844,59221.87,0.008445,59167.15,0.015644,59227.65,0.2295,59163.66,0.540946,59227.66,0.145,59162.52,0.145,59227.8,2.133948,2024-07-13 23:59:35.016000
10,59196.27,0.63948,58807.05,0.541959,59194.28,0.145,59196.28,0.193119,59191.24,0.112645,59200.22,0.29,59190.51,0.540946,59202.09,0.388804,59189.82,0.005188,59205.07,0.070664,59187.2,0.017001,59205.08,0.005068,59185.64,0.145,59205.35,0.2,59179.0,0.270926,59205.45,0.422614,59178.99,0.0074,59207.58,0.145,59177.51,0.145,59209.68,0.540946,59175.85,0.422614,59209.71,0.009992,59175.01,0.008446,59210.66,0.112641,59173.85,0.001735,59214.73,0.291465,59171.43,0.145,59217.91,0.17054,59169.24,0.564887,59220.0,0.416848,59167.32,0.000844,59220.65,0.145,59167.15,0.015644,59221.87,0.008445,59163.66,0.540946,59227.65,0.2295,59162.52,0.145,59227.66,0.145,59162.27,0.506533,59227.8,2.133948,2024-07-13 23:59:35.116000
11,59196.27,0.63948,58807.05,0.541959,59191.24,0.112645,59196.28,0.193119,59190.51,0.540946,59200.22,0.29,59189.82,0.005188,59205.07,0.070664,59187.2,0.017001,59205.08,0.005068,59185.64,0.145,59205.35,0.2,59179.0,0.270926,59205.45,0.422614,59178.99,0.0074,59207.58,0.145,59177.51,0.145,59209.68,0.540946,59175.85,0.422614,59209.71,0.009992,59175.01,0.008446,59210.66,0.112641,59173.85,0.001735,59214.73,0.291465,59171.43,0.145,59217.91,0.17054,59169.24,0.564887,59220.0,0.416848,59167.32,0.000844,59220.65,0.145,59167.15,0.015644,59221.87,0.008445,59163.66,0.540946,59227.65,0.2295,59162.52,0.145,59227.66,0.145,59162.27,0.506533,59227.8,2.133948,59162.01,0.422614,59229.5,0.599093,2024-07-13 23:59:35.311000
12,59196.27,0.78448,58807.05,0.541959,59191.24,0.112645,59196.28,0.193119,59190.51,0.540946,59200.22,0.29,59189.82,0.005188,59203.07,0.070664,59187.2,0.017001,59203.08,0.388804,59185.64,0.145,59205.08,0.005068,59179.0,0.270926,59205.35,0.2,59178.99,0.0074,59205.45,0.422614,59177.51,0.145,59207.58,0.145,59175.85,0.422614,59209.68,0.540946,59175.01,0.008446,59209.71,0.009992,59173.85,0.001735,59210.66,0.112641,59171.43,0.145,59214.73,0.291465,59169.24,0.564887,59217.91,0.17054,59167.32,0.000844,59220.0,0.416848,59167.15,0.015644,59220.65,0.145,59163.66,0.540946,59221.87,0.008445,59162.52,0.145,59227.65,0.2295,59162.27,0.506533,59227.66,0.145,59162.01,0.422614,59227.8,2.133948,2024-07-13 23:59:35.409000
13,59196.27,0.63948,58807.05,0.541959,59191.24,0.112645,59196.28,0.193119,59190.51,0.540946,59200.22,0.29,59189.82,0.005188,59203.07,0.070664,59187.2,0.017001,59203.08,0.388804,59185.64,0.145,59205.08,0.005068,59179.0,0.270926,59205.35,0.2,59178.99,0.0074,59205.45,0.422614,59177.51,0.145,59207.58,0.145,59175.85,0.422614,59209.68,0.540946,59175.01,0.008446,59209.71,0.009992,59173.85,0.001735,59210.66,0.112641,59171.43,0.145,59214.73,0.291465,59169.24,0.564887,59217.91,0.17054,59167.32,0.000844,59220.0,0.416848,59167.15,0.015644,59220.65,0.145,59163.66,0.540946,59221.87,0.008445,59162.52,0.145,59227.65,0.2295,59162.27,0.506533,59227.66,0.145,59162.01,0.422614,59227.8,2.133948,2024-07-13 23:59:35.669000
14,59196.27,0.63948,58807.05,0.541959,59191.24,0.112645,59196.28,0.193119,59190.51,0.540946,59200.22,0.29,59189.82,0.005188,59203.07,0.070664,59187.2,0.017001,59203.08,0.388804,59185.64,0.145,59205.08,0.005068,59179.0,0.270926,59205.35,0.2,59178.99,0.0074,59205.45,0.422614,59177.51,0.145,59207.58,0.145,59175.85,0.422614,59209.68,0.540946,59175.01,0.008446,59209.71,0.009992,59173.85,0.001735,59210.66,0.112641,59171.43,0.145,59214.73,0.291465,59169.24,0.564887,59217.91,0.17054,59167.32,0.000844,59220.0,0.416848,59167.15,0.015644,59220.65,0.145,59163.66,0.540946,59221.87,0.008445,59162.52,0.145,59227.65,0.2295,59162.27,0.506533,59227.66,0.145,59162.01,0.422614,59227.8,2.133948,2024-07-13 23:59:35.706000
15,59196.27,0.639333,58807.05,0.541959,59191.24,0.112645,59196.28,0.193119,59190.51,0.540946,59200.22,0.29,59189.82,0.005188,59203.07,0.070664,59187.2,0.017001,59203.08,0.388804,59185.64,0.145,59205.08,0.005068,59179.0,0.270926,59205.35,0.2,59178.99,0.0074,59205.45,0.422614,59177.51,0.145,59207.58,0.145,59175.85,0.422614,59209.68,0.540946,59175.01,0.008446,59209.71,0.009992,59173.85,0.001735,59210.66,0.112641,59171.43,0.145,59214.73,0.291465,59169.24,0.564887,59217.91,0.17054,59167.32,0.000844,59220.0,0.416848,59167.15,0.015644,59220.65,0.145,59163.66,0.540946,59221.87,0.008445,59162.52,0.145,59227.65,0.2295,59162.27,0.506533,59227.66,0.145,59162.01,0.422614,59227.8,2.133948,2024-07-13 23:59:35.847000
16,59196.27,0.639333,58807.05,0.541959,59191.24,0.112645,59196.28,0.193119,59190.51,0.540946,59200.22,0.29,59189.82,0.005188,59203.07,0.070664,59187.2,0.017001,59203.08,0.388804,59185.64,0.145,59205.08,0.005068,59179.0,0.270926,59205.35,0.2,59178.99,0.0074,59205.45,0.422614,59177.51,0.145,59207.58,0.145,59175.85,0.422614,59209.68,0.540946,59175.01,0.008446,59209.71,0.009992,59173.85,0.001735,59210.66,0.112641,59171.43,0.145,59214.73,0.291465,59169.24,0.564887,59217.91,0.17054,59167.32,0.000844,59220.0,0.416848,59167.15,0.015644,59220.65,0.145,59163.66,0.540946,59221.87,0.008445,59162.52,0.145,59227.65,0.2295,59162.27,0.506533,59227.66,0.145,59162.01,0.422614,59227.8,2.133948,2024-07-13 23:59:36.012000
17,59196.27,0.639872,58807.05,0.541959,59191.24,0.112645,59196.28,0.193119,59190.51,0.540946,59200.22,0.29,59189.82,0.005188,59203.07,0.070664,59187.2,0.017001,59203.08,0.388804,59185.64,0.145,59205.08,0.005068,59179.0,0.270926,59205.35,0.2,59178.99,0.0074,59205.45,0.422614,59177.51,0.145,59207.58,0.145,59175.85,0.422614,59209.68,0.540946,59175.01,0.008446,59209.71,0.009992,59173.85,0.001735,59210.66,0.112641,59171.43,0.145,59214.73,0.291465,59169.24,0.564887,59217.91,0.17054,59167.32,0.000844,59220.0,0.416848,59167.15,0.015644,59220.65,0.145,59163.66,0.540946,59221.87,0.008445,59162.52,0.145,59227.65,0.2295,59162.27,0.506533,59227.66,0.145,59162.01,0.422614,59227.8,2.133948,2024-07-13 23:59:36.102000
18,59196.27,0.639872,58807.05,0.541959,59191.24,0.112645,59196.28,0.193119,59190.51,0.540946,59200.22,0.29,59189.82,0.005188,59203.07,0.070664,59187.2,0.017001,59203.08,0.388804,59185.64,0.145,59205.08,0.005068,59179.0,0.270926,59205.35,0.2,59178.99,0.0074,59205.45,0.422614,59177.51,0.145,59207.58,0.145,59175.85,0.422614,59209.68,0.540946,59175.01,0.008446,59209.71,0.009992,59173.85,0.001735,59210.66,0.112641,59171.43,0.145,59214.73,0.291465,59169.24,0.564887,59217.91,0.17054,59167.32,0.000844,59220.0,0.416848,59167.15,0.015644,59220.65,0.145,59163.66,0.540946,59221.87,0.008445,59162.52,0.145,59227.65,0.2295,59162.27,0.506533,59227.66,0.145,59162.01,0.422614,59227.8,2.133948,2024-07-13 23:59:36.207000
19,59196.27,0.639872,58807.05,0.541959,59191.24,0.112645,59196.28,0.193119,59190.51,0.540946,59200.22,0.29,59189.82,0.005188,59203.07,0.070664,59187.2,0.017001,59203.08,0.388804,59185.64,0.145,59205.08,0.005068,59179.0,0.270926,59205.35,0.2,59178.99,0.0074,59205.45,0.422614,59177.51,0.145,59207.58,0.145,59175.85,0.422614,59209.68,0.540946,59175.01,0.008446,59209.71,0.009992,59173.85,0.001735,59210.66,0.112641,59171.43,0.145,59214.73,0.291465,59169.24,0.564887,59217.91,0.17054,59167.32,0.000844,59220.0,0.416848,59167.15,0.015644,59220.65,0.145,59163.66,0.540946,59221.87,0.008445,59162.52,0.145,59227.65,0.2295,59162.27,0.506533,59227.66,0.145,59162.01,0.422614,59227.8,2.133948,2024-07-13 23:59:36.301000
20,59196.27,0.639872,58807.05,0.541959,59191.24,0.112645,59196.28,0.193119,59190.51,0.540946,59200.22,0.29,59189.82,0.005188,59203.07,0.070664,59187.2,0.017001,59203.08,0.388804,59185.64,0.145,59205.08,0.005068,59179.0,0.270926,59205.35,0.2,59178.99,0.0074,59205.45,0.422614,59177.51,0.145,59207.58,0.145,59175.85,0.422614,59209.68,0.540946,59175.01,0.008446,59209.71,0.009992,59173.85,0.001735,59210.66,0.112641,59171.43,0.145,59214.73,0.291465,59169.24,0.564887,59217.91,0.17054,59167.32,0.000844,59220.0,0.416848,59167.15,0.015644,59220.65,0.145,59163.66,0.540946,59221.87,0.008445,59162.52,0.145,59227.65,0.2295,59162.27,0.506533,59227.66,0.145,59162.01,0.422614,59227.8,2.133948,2024-07-13 23:59:36.418000
21,59196.27,0.639872,58807.05,0.541959,59191.24,0.112645,59196.28,0.193119,59190.51,0.540946,59200.22,0.29,59189.82,0.005188,59203.07,0.070664,59187.2,0.017001,59203.08,0.388804,59185.64,0.145,59205.08,0.005068,59179.0,0.270926,59205.35,0.2,59178.99,0.0074,59205.45,0.422614,59177.51,0.145,59207.58,0.145,59175.85,0.422614,59209.68,0.540946,59175.01,0.008446,59209.71,0.009992,59173.85,0.001735,59210.66,0.112641,59171.43,0.145,59214.73,0.291465,59169.24,0.564887,59217.91,0.17054,59167.32,0.000844,59220.0,0.416848,59167.15,0.015644,59220.65,0.145,59163.66,0.540946,59221.87,0.008445,59162.52,0.145,59227.65,0.2295,59162.27,0.506533,59227.66,0.145,59162.01,0.422614,59227.8,2.133948,2024-07-13 23:59:36.518000
22,59196.27,0.396068,58807.05,0.541959,59191.24,0.112645,59196.28,0.193119,59190.51,0.540946,59200.22,0.29,59189.82,0.005188,59203.07,0.070664,59187.2,0.017001,59203.08,0.388804,59185.64,0.145,59205.08,0.005068,59179.0,0.270926,59205.35,0.2,59178.99,0.0074,59205.45,0.422614,59177.51,0.145,59207.58,0.145,59175.85,0.422614,59209.68,0.540946,59175.01,0.008446,59209.71,0.009992,59173.85,0.001735,59210.66,0.112641,59171.43,0.145,59214.73,0.291465,59169.24,0.564887,59217.91,0.17054,59167.32,0.000844,59220.0,0.416848,59167.15,0.015644,59220.65,0.145,59163.66,0.540946,59221.87,0.008445,59162.52,0.145,59227.65,0.2295,59162.27,0.506533,59227.66,0.145,59162.01,0.422614,59227.8,2.133948,2024-07-13 23:59:36.605000
23,59196.27,0.251068,58807.05,0.541959,59194.22,0.388804,59196.28,0.193119,59191.24,0.112645,59200.22,0.29,59190.51,0.540946,59203.07,0.070664,59189.82,0.005188,59203.08,0.388804,59187.2,0.017001,59205.08,0.005068,59185.64,0.145,59205.35,0.2,59179.0,0.270926,59205.45,0.422614,59178.99,0.0074,59207.58,0.145,59177.51,0.145,59209.68,0.540946,59175.85,0.422614,59209.71,0.009992,59175.01,0.008446,59210.66,0.112641,59173.85,0.001735,59214.73,0.291465,59171.43,0.145,59217.91,0.17054,59169.24,0.564887,59220.0,0.416848,59167.32,0.000844,59220.65,0.145,59167.15,0.015644,59221.87,0.008445,59163.66,0.540946,59227.65,0.2295,59162.52,0.145,59227.66,0.145,59162.27,0.506533,59227.8,2.133948,2024-07-13 23:59:36.814000
24,59196.27,0.251068,58807.05,0.541959,59191.24,0.112645,59196.28,0.193119,59190.51,0.540946,59200.22,0.29,59189.82,0.005188,59203.07,0.070664,59187.2,0.017001,59203.08,0.388804,59185.64,0.145,59205.08,0.005068,59179.0,0.270926,59205.35,0.2,59178.99,0.0074,59205.45,0.422614,59177.51,0.145,59207.58,0.145,59175.85,0.422614,59209.68,0.540946,59175.01,0.008446,59209.71,0.009992,59173.85,0.001735,59210.66,0.112641,59171.43,0.145,59214.73,0.291465,59169.24,0.564887,59217.91,0.17054,59167.32,0.000844,59220.0,0.416848,59167.15,0.015644,59220.65,0.145,59163.66,0.540946,59221.87,0.008445,59162.52,0.145,59227.65,0.2295,59162.27,0.506533,59227.66,0.145,59162.01,0.422614,59227.8,2.133948,2024-07-13 23:59:36.967000
25,59196.27,0.639872,58807.05,0.541959,59191.24,0.112645,59196.28,0.193119,59190.51,0.540946,59200.22,0.29,59189.82,0.005188,59203.07,0.070664,59187.2,0.017001,59203.08,0.388804,59185.64,0.145,59205.08,0.005068,59179.0,0.270926,59205.35,0.2,59178.99,0.0074,59205.45,0.422614,59177.51,0.145,59207.58,0.145,59175.85,0.422614,59209.68,0.540946,59175.01,0.008446,59209.71,0.009992,59173.85,0.001735,59210.66,0.112641,59171.43,0.145,59214.73,0.291465,59169.24,0.564887,59217.91,0.17054,59167.32,0.000844,59220.0,0.416848,59167.15,0.015644,59220.65,0.145,59163.66,0.540946,59221.87,0.008445,59162.52,0.145,59227.65,0.2295,59162.27,0.506533,59227.66,0.145,59162.01,0.422614,59227.8,2.133948,2024-07-13 23:59:37.016000
26,59196.27,0.639872,58807.05,0.541959,59191.24,0.112645,59196.28,0.193119,59190.51,0.540946,59200.22,0.29,59189.82,0.005188,59203.07,0.070664,59187.2,0.017001,59203.08,0.388804,59185.64,0.145,59205.08,0.005068,59179.0,0.270926,59205.35,0.2,59178.99,0.0074,59205.45,0.422614,59177.51,0.145,59207.58,0.145,59175.85,0.422614,59209.68,0.540946,59175.01,0.008446,59209.71,0.009992,59173.85,0.001735,59210.66,0.112641,59171.43,0.145,59214.73,0.291465,59169.24,0.564887,59217.91,0.17054,59167.32,0.000844,59220.0,0.416848,59167.15,0.015644,59220.65,0.145,59163.66,0.540946,59221.87,0.008445,59162.52,0.145,59227.65,0.2295,59162.27,0.506533,59227.66,0.145,59162.01,0.422614,59227.8,2.133948,2024-07-13 23:59:37.314000
27,59196.27,0.784872,58807.05,0.541959,59191.24,0.112645,59196.28,0.014334,59190.51,0.540946,59200.22,0.145,59189.82,0.005188,59203.07,0.070664,59187.2,0.017001,59203.08,0.388804,59185.64,0.145,59205.08,0.005068,59179.0,0.270926,59205.35,0.2,59178.99,0.0074,59205.45,0.422614,59177.51,0.145,59207.58,0.145,59175.85,0.422614,59209.68,0.540946,59175.01,0.008446,59209.71,0.009992,59173.85,0.001735,59210.66,0.112641,59171.43,0.145,59214.73,0.291465,59169.24,0.564887,59217.91,0.17054,59168.06,0.0121,59220.0,0.416848,59167.32,0.000844,59220.65,0.145,59167.15,0.015644,59221.87,0.008445,59163.66,0.540946,59227.65,0.2295,59162.52,0.145,59227.66,0.145,59162.27,0.506533,59227.8,2.133948,2024-07-13 23:59:37.455000
28,59196.27,0.847772,58807.05,0.541959,59191.24,0.112645,59196.28,0.014334,59190.51,0.540946,59200.22,0.145,59189.82,0.005188,59203.07,0.070664,59187.2,0.017001,59203.08,0.388804,59185.64,0.145,59205.08,0.005068,59179.0,0.270926,59205.35,0.2,59178.99,0.0074,59205.45,0.422614,59177.51,0.145,59207.58,0.145,59175.85,0.422614,59209.68,0.540946,59175.01,0.008446,59209.71,0.009992,59173.85,0.001735,59210.66,0.112641,59171.43,0.145,59214.73,0.291465,59169.24,0.564887,59217.91,0.17054,59168.05,0.0121,59220.0,0.416848,59167.32,0.000844,59220.65,0.145,59167.15,0.015644,59221.87,0.008445,59163.66,0.540946,59227.65,0.2295,59162.52,0.145,59227.66,0.145,59162.27,0.506533,59227.8,2.133948,2024-07-13 23:59:37.515000
29,59196.27,0.847772,58807.05,0.541959,59191.24,0.112645,59196.28,0.014334,59190.51,0.540946,59203.07,0.070664,59189.82,0.005188,59203.08,0.388804,59187.2,0.017001,59205.08,0.005068,59185.64,0.145,59205.35,0.2,59179.0,0.270926,59205.45,0.422614,59178.99,0.0074,59207.58,0.145,59177.51,0.145,59209.68,0.540946,59175.85,0.422614,59209.71,0.009992,59175.01,0.008446,59210.66,0.112641,59173.85,0.001735,59214.73,0.291465,59171.43,0.145,59217.91,0.17054,59169.24,0.564887,59220.0,0.416848,59168.05,0.0121,59220.65,0.145,59167.32,0.000844,59221.87,0.008445,59167.15,0.015644,59227.65,0.2295,59163.66,0.540946,59227.66,0.145,59162.52,0.145,59227.8,2.133948,59162.27,0.506533,59229.5,0.599093,2024-07-13 23:59:37.633000
30,59196.27,0.847772,58807.05,0.541959,59191.24,0.112645,59196.28,0.014334,59190.51,0.540946,59203.07,0.070664,59189.82,0.005188,59203.08,0.388804,59187.2,0.017001,59205.08,0.005068,59185.64,0.145,59205.35,0.2,59179.0,0.270926,59205.45,0.422614,59178.99,0.0074,59207.58,0.145,59177.51,0.145,59209.68,0.540946,59175.85,0.422614,59209.71,0.009992,59175.01,0.008446,59210.66,0.112641,59173.85,0.001735,59214.73,0.291465,59171.43,0.145,59217.91,0.17054,59169.24,0.564887,59220.0,0.416848,59167.32,0.000844,59220.65,0.145,59167.15,0.015644,59221.87,0.008445,59163.66,0.540946,59227.65,0.2295,59162.52,0.145,59227.66,0.145,59162.27,0.506533,59227.8,2.133948,59162.01,0.422614,59229.5,0.599093,2024-07-13 23:59:37.787000
31,59196.27,0.847772,58807.05,0.541959,59191.24,0.112645,59196.28,0.014334,59190.51,0.540946,59203.07,0.070664,59189.82,0.005188,59203.08,0.388804,59187.2,0.017001,59205.08,0.005068,59185.64,0.145,59205.35,0.2,59179.0,0.270926,59205.45,0.422614,59178.99,0.0074,59207.58,0.145,59177.51,0.145,59209.68,0.540946,59175.85,0.422614,59209.71,0.009992,59175.01,0.008446,59210.66,0.112641,59173.85,0.001735,59214.73,0.291465,59171.43,0.145,59217.91,0.17054,59169.72,0.002751,59220.0,0.416848,59169.24,0.564887,59220.65,0.145,59167.32,0.000844,59221.87,0.008445,59167.15,0.015644,59227.65,0.2295,59163.66,0.540946,59227.66,0.145,59162.52,0.145,59227.8,2.133948,59162.27,0.506533,59229.5,0.599093,2024-07-13 23:59:37.816000
32,59196.27,0.847772,58807.05,0.541959,59191.24,0.112645,59196.28,0.014334,59190.51,0.540946,59203.07,0.070664,59189.82,0.005188,59203.08,0.388804,59187.2,0.017001,59205.08,0.005068,59185.64,0.145,59205.35,0.2,59179.0,0.270926,59205.45,0.422614,59178.99,0.0074,59207.58,0.145,59177.51,0.145,59209.68,0.540946,59175.85,0.422614,59209.71,0.009992,59175.01,0.008446,59210.66,0.112641,59173.85,0.001735,59214.73,0.291465,59171.43,0.145,59217.91,0.17054,59169.72,0.002751,59220.0,0.416848,59169.24,0.564887,59220.65,0.145,59167.32,0.000844,59221.87,0.008445,59167.15,0.015644,59227.65,0.2295,59163.66,0.540946,59227.66,0.145,59162.52,0.145,59227.8,2.133948,59162.01,0.422614,59229.5,0.599093,2024-07-13 23:59:37.982000
33,59196.27,0.847772,58807.05,0.541959,59191.24,0.112645,59196.28,0.014334,59190.51,0.540946,59203.07,0.070664,59189.82,0.005188,59203.08,0.388804,59187.2,0.017001,59205.08,0.005068,59185.64,0.145,59205.35,0.2,59179.0,0.270926,59205.45,0.422614,59178.99,0.0074,59207.58,0.145,59177.51,0.145,59209.68,0.540946,59175.85,0.422614,59209.71,0.009992,59175.01,0.008446,59210.66,0.112641,59173.85,0.001735,59214.73,0.291465,59171.43,0.145,59217.91,0.17054,59169.89,0.506622,59220.0,0.416848,59169.72,0.002751,59220.65,0.145,59169.24,0.564887,59221.87,0.008445,59167.32,0.000844,59227.65,0.2295,59167.15,0.015644,59227.66,0.145,59163.66,0.540946,59227.8,2.133948,59162.52,0.145,59229.5,0.599093,2024-07-13 23:59:38.006000
34,59196.27,0.847233,58807.05,0.541959,59191.24,0.112645,59196.28,0.014334,59190.51,0.540946,59203.07,0.070664,59189.82,0.005188,59203.08,0.388804,59187.2,0.017001,59205.08,0.005068,59185.64,0.145,59205.35,0.2,59179.0,0.270926,59205.45,0.422614,59178.99,0.0074,59207.58,0.145,59177.51,0.145,59209.68,0.540946,59175.85,0.422614,59209.71,0.009992,59175.01,0.008446,59210.66,0.112641,59173.85,0.001735,59214.73,0.291465,59171.43,0.145,59217.91,0.17054,59169.89,0.506622,59220.0,0.416848,59169.24,0.564887,59220.65,0.145,59167.32,0.000844,59221.87,0.008445,59167.15,0.015644,59227.65,0.2295,59163.66,0.540946,59227.66,0.145,59162.52,0.145,59227.8,2.133948,59162.01,0.422614,59229.5,0.599093,2024-07-13 23:59:38.115000
35,59196.27,0.847772,58807.05,0.541959,59191.24,0.112645,59196.28,0.014334,59190.51,0.540946,59203.07,0.070664,59189.82,0.005188,59203.08,0.388804,59187.2,0.017001,59205.08,0.005068,59185.64,0.145,59205.35,0.2,59179.0,0.270926,59205.45,0.422614,59178.99,0.0074,59207.58,0.145,59177.51,0.145,59209.68,0.540946,59175.85,0.422614,59209.71,0.009992,59175.01,0.008446,59210.66,0.112641,59173.85,0.001735,59214.73,0.291465,59171.43,0.145,59217.91,0.17054,59169.89,0.506622,59220.0,0.416848,59169.24,0.564887,59220.65,0.145,59168.21,0.002751,59221.87,0.008445,59167.32,0.000844,59227.65,0.2295,59167.15,0.015644,59227.66,0.145,59163.66,0.540946,59227.8,2.133948,59162.52,0.145,59229.5,0.599093,2024-07-13 23:59:38.331000
36,59196.27,0.847772,58807.05,0.541959,59191.24,0.112645,59196.28,0.014334,59190.51,0.540946,59203.07,0.070664,59189.82,0.005188,59203.08,0.388804,59187.2,0.017001,59205.08,0.005068,59185.64,0.145,59205.35,0.2,59179.0,0.270926,59205.45,0.422614,59178.99,0.0074,59207.58,0.145,59177.51,0.145,59209.68,0.540946,59175.85,0.422614,59209.71,0.009992,59175.01,0.008446,59210.66,0.112641,59173.85,0.001735,59214.73,0.291465,59171.43,0.145,59217.91,0.17054,59169.89,0.506622,59220.0,0.416848,59169.24,0.564887,59220.65,0.145,59168.21,0.002751,59221.87,0.008445,59167.32,0.000844,59227.65,0.2295,59167.15,0.015644,59227.66,0.145,59163.66,0.540946,59227.8,2.133948,59162.52,0.145,59229.5,0.599093,2024-07-13 23:59:38.434000
37,59196.27,0.847772,58807.05,0.541959,59191.24,0.112645,59196.28,0.014334,59190.51,0.540946,59203.07,0.070664,59189.82,0.005188,59203.08,0.388804,59187.2,0.017001,59205.08,0.005068,59185.64,0.145,59205.35,0.2,59179.0,0.270926,59205.45,0.422614,59178.99,0.0074,59207.58,0.145,59177.51,0.145,59209.68,0.540946,59175.85,0.422614,59209.71,0.009992,59175.01,0.008446,59210.66,0.112641,59173.85,0.001735,59214.73,0.291465,59171.43,0.145,59217.91,0.17054,59169.89,0.506622,59220.0,0.416848,59169.24,0.564887,59220.65,0.145,59167.32,0.000844,59221.87,0.008445,59167.15,0.015644,59227.65,0.2295,59163.66,0.540946,59227.66,0.145,59162.52,0.145,59227.8,2.133948,59162.01,0.422614,59229.5,0.599093,2024-07-13 23:59:38.677000
38,59196.27,0.847772,58807.05,0.541959,59191.24,0.112645,59196.28,0.014334,59190.51,0.540946,59203.07,0.070664,59189.82,0.005188,59203.08,0.388804,59187.2,0.017001,59205.08,0.005068,59185.64,0.145,59205.35,0.2,59179.0,0.270926,59205.45,0.422614,59178.99,0.0074,59207.58,0.145,59177.51,0.145,59209.68,0.540946,59175.85,0.422614,59209.71,0.009992,59175.01,0.008446,59210.66,0.112641,59173.85,0.001735,59214.73,0.291465,59171.43,0.145,59217.91,0.17054,59169.89,0.506622,59220.0,0.416848,59169.24,0.564887,59220.65,0.145,59167.32,0.000844,59221.87,0.008445,59167.15,0.015644,59227.65,0.2295,59163.71,1.630773,59227.66,0.145,59163.66,0.540946,59227.8,2.133948,59162.52,0.145,59229.5,0.599093,2024-07-13 23:59:38.757000
39,59196.27,0.847772,58807.05,0.541959,59191.24,0.112645,59196.28,0.014334,59190.51,0.540946,59203.07,0.070664,59189.82,0.005188,59203.08,0.388804,59187.2,0.017001,59205.08,0.005068,59185.64,0.145,59205.35,0.2,59179.0,0.270926,59205.45,0.422614,59178.99,0.0074,59207.58,0.145,59177.51,0.145,59209.68,0.540946,59175.85,0.422614,59209.71,0.009992,59175.01,0.008446,59210.66,0.112641,59173.85,0.001735,59214.73,0.291465,59171.43,0.145,59217.91,0.17054,59169.89,0.506622,59220.0,0.416848,59169.24,0.564887,59220.65,0.145,59167.32,0.000844,59221.87,0.008445,59167.15,0.015644,59227.65,0.2295,59163.71,1.630773,59227.66,0.145,59163.66,0.540946,59227.8,2.133948,59162.52,0.145,59229.5,0.599093,2024-07-13 23:59:38.886000
40,59196.27,0.847772,58807.05,0.541959,59191.24,0.112645,59196.28,0.014334,59190.51,0.540946,59203.07,0.070664,59189.82,0.005188,59203.08,0.388804,59187.2,0.017001,59205.08,0.005068,59185.64,0.145,59205.35,0.2,59179.0,0.270926,59205.45,0.422614,59178.99,0.0074,59207.58,0.145,59177.51,0.145,59209.68,0.540946,59175.85,0.422614,59209.71,0.009992,59175.01,0.008446,59210.66,0.112641,59173.85,0.001735,59214.73,0.291465,59171.43,0.145,59217.91,0.17054,59169.89,0.506622,59220.0,0.416848,59169.24,0.564887,59220.65,0.145,59167.32,0.000844,59221.87,0.008445,59167.15,0.015644,59227.65,0.2295,59163.66,0.540946,59227.66,0.145,59162.52,0.145,59227.8,2.133948,59162.01,0.422614,59229.5,0.599093,2024-07-13 23:59:39.014000
41,59196.27,0.847772,58807.05,0.541959,59191.24,0.112645,59196.28,0.014334,59190.51,0.540946,59203.07,0.070664,59189.82,0.005188,59203.08,0.388804,59187.2,0.017001,59205.08,0.005068,59185.64,0.145,59205.35,0.2,59179.0,0.270926,59205.45,0.422614,59178.99,0.0074,59207.58,0.145,59177.51,0.145,59209.68,0.540946,59175.85,0.422614,59209.71,0.009992,59175.01,0.008446,59210.66,0.112641,59173.85,0.001735,59214.73,0.291465,59171.43,0.145,59217.91,0.17054,59169.89,0.506622,59220.0,0.416848,59169.24,0.564887,59220.65,0.145,59167.32,0.000844,59221.87,0.008445,59167.15,0.015644,59227.65,0.2295,59163.66,0.540946,59227.66,0.145,59162.52,0.145,59227.8,2.133948,59162.01,0.422614,59229.5,0.599093,2024-07-13 23:59:39.259000
42,59196.27,0.847772,58807.05,0.541959,59191.24,0.112645,59196.28,0.014334,59190.51,0.540946,59203.07,0.070664,59189.82,0.005188,59203.08,0.388804,59187.2,0.017001,59205.08,0.005068,59185.64,0.145,59205.35,0.2,59179.0,0.270926,59205.45,0.422614,59178.99,0.0074,59207.58,0.145,59177.51,0.145,59209.68,0.540946,59175.85,0.422614,59209.71,0.009992,59175.01,0.008446,59210.66,0.112641,59173.85,0.001735,59214.73,0.291465,59171.43,0.145,59217.91,0.17054,59169.89,0.506622,59220.0,0.416848,59169.24,0.564887,59220.65,0.145,59167.32,0.000844,59221.87,0.008445,59167.15,0.015644,59227.65,0.2295,59163.66,0.540946,59227.66,0.145,59162.52,0.145,59227.8,2.133948,59162.01,0.422614,59229.5,0.599093,2024-07-13 23:59:39.326000
43,59196.27,0.702772,58807.05,0.541959,59191.24,0.112645,59196.28,0.338119,59190.51,0.540946,59203.08,0.388804,59189.82,0.005188,59205.07,0.070664,59187.2,0.017001,59205.08,0.005068,59185.64,0.145,59205.35,0.2,59179.0,0.270926,59205.45,0.422614,59178.99,0.0074,59207.58,0.145,59177.51,0.145,59209.68,0.540946,59175.85,0.422614,59209.71,0.009992,59175.01,0.008446,59210.66,0.112641,59173.85,0.001735,59214.73,0.291465,59171.43,0.145,59217.91,0.17054,59169.89,0.506622,59220.0,0.416848,59169.24,0.564887,59220.65,0.145,59167.32,0.000844,59221.87,0.008445,59167.15,0.015644,59227.65,0.2295,59163.66,0.540946,59227.66,0.145,59162.52,0.145,59227.8,2.133948,59162.01,0.422614,59229.5,0.599093,2024-07-13 23:59:39.450000
44,59196.27,0.702772,58807.05,0.541959,59191.24,0.112645,59196.28,0.338119,59190.51,0.540946,59203.08,0.388804,59189.82,0.005188,59205.07,0.070664,59187.2,0.017001,59205.08,0.005068,59185.64,0.145,59205.35,0.2,59179.0,0.270926,59205.45,0.422614,59178.99,0.0074,59207.58,0.145,59177.51,0.145,59209.68,0.540946,59175.85,0.422614,59209.71,0.009992,59175.01,0.008446,59210.66,0.112641,59173.85,0.001735,59214.73,0.291465,59171.43,0.145,59217.91,0.17054,59169.89,0.506622,59220.0,0.416848,59169.24,0.564887,59220.65,0.145,59167.32,0.000844,59221.87,0.008445,59167.15,0.015644,59227.65,0.2295,59163.66,0.540946,59227.66,0.145,59162.52,0.145,59227.8,2.133948,59162.01,0.422614,59229.5,0.599093,2024-07-13 23:59:39.501000
45,59196.27,0.784872,58807.05,0.541959,59191.24,0.112645,59196.28,0.193119,59190.51,0.540946,59203.08,0.388804,59189.82,0.005188,59205.07,0.070664,59187.2,0.017001,59205.08,0.005068,59185.64,0.145,59205.35,0.2,59179.0,0.270926,59205.45,0.422614,59178.99,0.0074,59207.58,0.145,59177.51,0.145,59209.68,0.540946,59175.85,0.422614,59209.71,0.009992,59175.01,0.008446,59210.66,0.112641,59173.85,0.001735,59214.73,0.291465,59171.43,0.145,59217.91,0.17054,59169.89,0.506622,59220.0,0.416848,59169.24,0.564887,59220.65,0.145,59167.32,0.000844,59221.87,0.008445,59167.15,0.015644,59227.65,0.2295,59163.66,0.540946,59227.66,0.145,59162.52,0.145,59227.8,2.133948,59162.01,0.422614,59229.5,0.599093,2024-07-13 23:59:39.620000
46,59196.27,0.847772,58807.05,0.541959,59191.24,0.112645,59196.28,0.014334,59190.51,0.540946,59203.08,0.388804,59189.82,0.005188,59205.07,0.070664,59187.2,0.017001,59205.08,0.005068,59185.64,0.145,59205.35,0.2,59179.0,0.270926,59205.45,0.422614,59178.99,0.0074,59207.58,0.145,59177.51,0.145,59209.68,0.540946,59175.85,0.422614,59209.71,0.009992,59175.01,0.008446,59210.66,0.112641,59173.85,0.001735,59214.73,0.291465,59171.43,0.145,59217.91,0.17054,59169.89,0.506622,59220.0,0.416848,59169.24,0.564887,59220.65,0.145,59167.32,0.000844,59221.87,0.008445,59167.15,0.015644,59227.65,0.2295,59163.66,0.540946,59227.66,0.145,59162.52,0.145,59227.8,2.133948,59162.02,0.058364,59229.5,0.599093,2024-07-13 23:59:39.762000
47,59196.27,0.847772,58807.05,0.541959,59191.24,0.112645,59196.28,0.014334,59190.51,0.540946,59203.08,0.388804,59189.82,0.005188,59205.07,0.070664,59187.2,0.017001,59205.08,0.005068,59185.64,0.145,59205.35,0.2,59179.0,0.270926,59205.45,0.422614,59178.99,0.0074,59207.58,0.145,59177.51,0.145,59209.68,0.540946,59175.85,0.422614,59209.71,0.009992,59175.01,0.008446,59210.66,0.112641,59173.85,0.001735,59214.73,0.291465,59171.43,0.145,59217.91,0.17054,59169.89,0.506622,59220.0,0.416848,59169.24,0.564887,59220.65,0.145,59167.32,0.000844,59221.87,0.008445,59167.15,0.015644,59227.65,0.2295,59163.66,0.540946,59227.66,0.145,59162.52,0.145,59227.8,2.133948,59162.02,0.058364,59229.5,0.599093,2024-07-13 23:59:39.808000
48,59196.27,0.847772,58807.05,0.541959,59191.24,0.112645,59196.28,0.014334,59190.51,0.540946,59203.08,0.388804,59189.82,0.005188,59205.07,0.070664,59187.2,0.017001,59205.08,0.005068,59185.64,0.145,59205.35,0.2,59179.0,0.270926,59205.45,0.422614,59178.99,0.0074,59207.58,0.145,59177.51,0.145,59209.68,0.540946,59175.85,0.422614,59209.71,0.009992,59175.01,0.008446,59210.66,0.112641,59173.85,0.001735,59214.73,0.291465,59171.43,0.145,59217.91,0.17054,59169.89,0.506622,59220.0,0.416848,59169.24,0.564887,59220.65,0.145,59167.32,0.000844,59221.87,0.008445,59167.15,0.015644,59227.65,0.2295,59163.66,0.540946,59227.66,0.145,59162.52,0.145,59227.8,2.133948,59162.02,0.058364,59229.5,0.599093,2024-07-13 23:59:39.937000
49,59196.27,0.847772,58807.05,0.541959,59191.24,0.112645,59196.28,0.014334,59190.51,0.540946,59203.08,0.388804,59189.82,0.005188,59205.07,0.070664,59187.2,0.017001,59205.08,0.005068,59185.64,0.145,59205.35,0.2,59179.0,0.270926,59205.45,0.422614,59178.99,0.0074,59207.58,0.145,59177.51,0.145,59209.68,0.540946,59175.85,0.422614,59209.71,0.009992,59175.01,0.008446,59210.66,0.112641,59173.85,0.001735,59214.73,0.291465,59171.43,0.145,59217.91,0.17054,59169.89,0.506622,59220.0,0.416848,59169.24,0.564887,59220.65,0.145,59167.32,0.000844,59221.87,0.008445,59167.15,0.015644,59227.65,0.2295,59163.66,0.540946,59227.66,0.145,59162.52,0.145,59227.8,2.133948,59162.02,0.058364,59229.5,0.599093,2024-07-13 23:59:40.016000
50,59196.27,0.702233,58807.05,0.541959,59191.24,0.112645,59196.28,0.338119,59190.51,0.540946,59203.08,0.388804,59189.82,0.005188,59205.07,0.070664,59187.2,0.017001,59205.08,0.005068,59185.64,0.145,59205.35,0.2,59179.0,0.270926,59205.45,0.422614,59178.99,0.0074,59207.58,0.145,59177.51,0.145,59209.68,0.540946,59175.85,0.422614,59209.71,0.009992,59175.01,0.008446,59210.66,0.112641,59173.85,0.001735,59214.73,0.291465,59171.43,0.145,59217.91,0.17054,59169.89,0.506622,59220.0,0.416848,59169.24,0.564887,59220.65,0.145,59167.32,0.000844,59221.87,0.008445,59167.15,0.015644,59227.65,0.2295,59163.66,0.540946,59227.66,0.145,59162.52,0.145,59227.8,2.133948,59162.02,0.058364,59229.5,0.599093,2024-07-13 23:59:40.103000
51,59196.27,0.847772,58807.05,0.541959,59191.24,0.112645,59196.28,0.338119,59190.51,0.540946,59203.08,0.388804,59189.82,0.005188,59205.07,0.070664,59187.2,0.017001,59205.08,0.005068,59185.64,0.145,59205.35,0.2,59179.0,0.270926,59205.45,0.422614,59178.99,0.0074,59207.58,0.145,59177.51,0.145,59209.68,0.540946,59175.85,0.422614,59209.71,0.009992,59175.01,0.008446,59210.66,0.112641,59173.85,0.001735,59214.73,0.291465,59171.43,0.145,59217.91,0.17054,59169.89,0.506622,59220.0,0.416848,59169.24,0.564887,59220.65,0.145,59167.32,0.000844,59221.87,0.008445,59167.15,0.015644,59227.65,0.2295,59163.66,0.540946,59227.66,0.145,59162.52,0.145,59227.8,2.133948,59162.02,0.058364,59229.5,0.599093,2024-07-13 23:59:40.224000
52,59196.27,0.847772,58807.05,0.541959,59191.24,0.112645,59196.28,0.338119,59190.51,0.540946,59203.08,0.388804,59189.82,0.005188,59205.07,0.070664,59187.2,0.017001,59205.08,0.005068,59185.64,0.145,59205.35,0.2,59179.0,0.270926,59205.45,0.422614,59178.99,0.0074,59207.58,0.145,59177.51,0.145,59209.68,0.540946,59175.85,0.422614,59209.71,0.009992,59175.01,0.008446,59210.66,0.112641,59173.85,0.001735,59214.73,0.291465,59171.43,0.145,59217.91,0.17054,59169.89,0.506622,59220.0,0.416848,59169.24,0.564887,59220.65,0.145,59167.32,0.000844,59221.87,0.008445,59167.15,0.015644,59227.65,0.2295,59163.66,0.540946,59227.66,0.145,59162.52,0.145,59227.8,2.133948,59162.02,0.058364,59229.5,0.599093,2024-07-13 23:59:40.332000
53,59196.27,0.847772,58807.05,0.541959,59191.24,0.112645,59196.28,0.048119,59190.51,0.540946,59203.08,0.388804,59189.82,0.005188,59205.07,0.070664,59187.2,0.017001,59205.08,0.005068,59185.64,0.145,59205.35,0.2,59179.0,0.270926,59205.45,0.422614,59178.99,0.0074,59207.58,0.145,59177.51,0.145,59209.68,0.540946,59175.85,0.422614,59209.71,0.009992,59175.01,0.008446,59210.66,0.112641,59173.85,0.001735,59214.73,0.291465,59171.43,0.145,59217.91,0.17054,59169.89,0.506622,59220.0,0.416848,59169.24,0.564887,59220.65,0.145,59167.32,0.000844,59221.87,0.008445,59167.15,0.015644,59227.65,0.2295,59163.66,0.540946,59227.66,0.145,59162.52,0.145,59227.8,2.133948,59162.02,0.058364,59229.5,0.599093,2024-07-13 23:59:40.495000
54,59196.27,0.847772,58807.05,0.541959,59191.24,0.112645,59196.28,0.014334,59190.51,0.540946,59203.07,0.070664,59189.82,0.005188,59203.08,0.388804,59187.2,0.017001,59205.08,0.005068,59185.64,0.145,59205.35,0.2,59179.0,0.270926,59205.45,0.422614,59178.99,0.0074,59207.58,0.145,59177.51,0.145,59209.68,0.540946,59175.85,0.422614,59209.71,0.009992,59175.01,0.008446,59210.66,0.112641,59173.85,0.001735,59214.73,0.291465,59171.43,0.145,59217.91,0.17054,59169.89,0.506622,59220.0,0.416848,59169.24,0.564887,59220.65,0.145,59167.32,0.000844,59221.87,0.008445,59167.15,0.015644,59227.65,0.2295,59163.66,0.540946,59227.66,0.145,59162.52,0.145,59227.8,2.133948,59162.02,0.058364,59229.5,0.599093,2024-07-13 23:59:40.508000
55,59196.27,0.847772,58807.05,0.541959,59191.24,0.112645,59196.28,0.014334,59190.51,0.540946,59203.07,0.070664,59189.82,0.005188,59203.08,0.388804,59187.2,0.017001,59205.08,0.005068,59185.64,0.145,59205.35,0.2,59179.0,0.270926,59205.45,0.422614,59178.99,0.0074,59207.58,0.145,59177.51,0.145,59209.68,0.540946,59175.85,0.422614,59209.71,0.009992,59175.01,0.008446,59210.66,0.112641,59173.85,0.001735,59214.73,0.291465,59171.43,0.145,59217.91,0.17054,59169.89,0.506622,59220.0,0.416848,59169.24,0.564887,59220.65,0.145,59167.32,0.000844,59221.87,0.008445,59167.15,0.015644,59227.65,0.2295,59163.66,0.540946,59227.66,0.145,59162.52,0.145,59227.8,2.133948,59162.02,0.058364,59229.5,0.599093,2024-07-13 23:59:40.667000
56,59196.27,0.847772,58807.05,0.541959,59191.24,0.112645,59196.28,0.014334,59190.51,0.540946,59203.07,0.070664,59189.82,0.005188,59203.08,0.388804,59187.2,0.017001,59205.08,0.005068,59185.64,0.145,59205.35,0.2,59179.0,0.270926,59205.45,0.422614,59178.99,0.0074,59207.58,0.145,59177.51,0.145,59209.68,0.540946,59175.85,0.422614,59209.71,0.009992,59175.01,0.008446,59210.66,0.112641,59173.85,0.001735,59214.73,0.291465,59171.43,0.145,59217.91,0.17054,59169.89,0.506622,59220.0,0.416848,59169.24,0.564887,59220.65,0.145,59167.32,0.000844,59221.87,0.008445,59167.15,0.015644,59227.65,0.2295,59163.66,0.540946,59227.66,0.145,59162.52,0.145,59227.8,2.133948,59162.02,0.058364,59229.5,0.599093,2024-07-13 23:59:40.931000
57,59196.27,0.847772,58807.05,0.541959,59191.24,0.112645,59196.28,0.014334,59190.51,0.540946,59203.07,0.070664,59189.82,0.005188,59203.08,0.388804,59187.2,0.017001,59205.08,0.005068,59185.64,0.145,59205.35,0.2,59179.0,0.270926,59205.45,0.422614,59178.99,0.0074,59207.58,0.145,59177.51,0.145,59209.68,0.540946,59175.85,0.422614,59209.71,0.009992,59175.01,0.008446,59210.66,0.112641,59173.85,0.001735,59214.73,0.291465,59171.43,0.145,59217.91,0.17054,59169.89,0.506622,59220.0,0.416848,59169.24,0.564887,59220.65,0.145,59167.32,0.000844,59221.87,0.008445,59167.15,0.015644,59227.65,0.2295,59163.66,0.540946,59227.66,0.145,59162.52,0.145,59227.8,2.133948,59162.02,0.058364,59229.5,0.599093,2024-07-13 23:59:41.006000
58,59196.27,0.702772,58807.05,0.541959,59191.24,0.112645,59196.28,0.338119,59190.51,0.540946,59203.07,0.070664,59189.82,0.005188,59203.08,0.388804,59187.2,0.017001,59205.08,0.005068,59185.64,0.145,59205.35,0.2,59179.0,0.270926,59205.45,0.422614,59178.99,0.0074,59207.58,0.145,59177.51,0.145,59209.68,0.540946,59175.85,0.422614,59209.71,0.009992,59175.01,0.008446,59210.66,0.112641,59173.85,0.001735,59214.73,0.291465,59171.43,0.145,59217.91,0.17054,59169.89,0.506622,59220.0,0.416848,59169.24,0.564887,59220.65,0.145,59167.32,0.000844,59221.87,0.008445,59167.15,0.015644,59227.65,0.2295,59163.66,0.540946,59227.66,0.145,59162.52,0.145,59227.8,2.133948,59162.02,0.058364,59229.5,0.599093,2024-07-13 23:59:41.109000
59,59196.27,0.847772,58807.05,0.541959,59191.24,0.112645,59196.28,0.014334,59190.51,0.540946,59203.07,0.070664,59189.82,0.005188,59203.08,0.388804,59187.2,0.017001,59205.08,0.005068,59185.64,0.145,59205.35,0.2,59179.0,0.270926,59205.45,0.422614,59178.99,0.0074,59207.58,0.145,59177.51,0.145,59209.68,0.540946,59175.85,0.422614,59209.71,0.009992,59175.01,0.008446,59210.66,0.112641,59173.85,0.001735,59214.73,0.291465,59171.43,0.145,59217.91,0.17054,59169.89,0.506622,59220.0,0.416848,59169.24,0.564887,59220.65,0.145,59167.32,0.000844,59221.87,0.008445,59167.15,0.015644,59227.65,0.2295,59163.66,0.540946,59227.66,0.145,59162.52,0.145,59227.8,2.133948,59162.02,0.058364,59229.5,0.599093,2024-07-13 23:59:41.204000
60,59196.27,0.847772,58807.05,0.541959,59191.24,0.112645,59196.28,0.014334,59190.51,0.540946,59203.07,0.070664,59189.82,0.005188,59203.08,0.388804,59187.2,0.017001,59205.08,0.005068,59185.64,0.145,59205.35,0.2,59179.0,0.270926,59205.45,0.422614,59178.99,0.0074,59207.58,0.145,59177.51,0.145,59209.68,0.540946,59175.85,0.422614,59209.71,0.009992,59175.01,0.008446,59210.66,0.112641,59173.85,0.001735,59214.73,0.291465,59171.43,0.145,59217.91,0.17054,59169.89,0.506622,59220.0,0.416848,59169.24,0.564887,59220.65,0.145,59167.32,0.000844,59221.87,0.008445,59167.15,0.015644,59227.65,0.2295,59163.66,0.540946,59227.66,0.145,59162.52,0.145,59227.8,2.133948,59162.02,0.058364,59229.5,0.599093,2024-07-13 23:59:41.317000
61,59196.27,0.847772,58807.05,0.541959,59191.24,0.112645,59196.28,0.014334,59190.51,0.540946,59203.07,0.070664,59189.82,0.005188,59203.08,0.388804,59187.2,0.017001,59205.08,0.005068,59185.64,0.145,59205.35,0.2,59179.0,0.270926,59205.45,0.422614,59178.99,0.0074,59207.58,0.145,59177.51,0.145,59209.68,0.540946,59175.85,0.422614,59209.71,0.009992,59175.01,0.008446,59210.66,0.112641,59173.85,0.001735,59214.73,0.291465,59171.43,0.145,59217.91,0.17054,59169.89,0.506622,59220.0,0.416848,59169.24,0.564887,59220.65,0.145,59167.32,0.000844,59221.87,0.008445,59167.15,0.015644,59227.65,0.2295,59163.66,0.540946,59227.66,0.145,59162.52,0.145,59227.8,2.133948,59162.02,0.058364,59229.5,0.599093,2024-07-13 23:59:41.464000
62,59196.27,0.702772,58807.05,0.541959,59191.24,0.112645,59196.28,0.014334,59190.51,0.540946,59203.07,0.070664,59189.82,0.005188,59203.08,0.388804,59187.2,0.017001,59205.08,0.005068,59185.64,0.145,59205.35,0.2,59179.0,0.270926,59205.45,0.422614,59178.99,0.0074,59207.58,0.145,59177.51,0.145,59209.68,0.540946,59175.85,0.422614,59209.71,0.009992,59175.01,0.008446,59210.66,0.112641,59173.85,0.001735,59214.73,0.291465,59171.43,0.145,59217.91,0.17054,59169.89,0.506622,59220.0,0.416848,59169.24,0.564887,59220.65,0.145,59167.32,0.000844,59221.87,0.008445,59167.15,0.015644,59227.65,0.2295,59163.66,0.540946,59227.66,0.145,59162.52,0.145,59227.8,2.133948,59162.02,0.058364,59229.5,0.599093,2024-07-13 23:59:41.631000
63,59196.27,0.702772,58807.05,0.541959,59191.24,0.112645,59196.28,0.338119,59190.51,0.540946,59203.08,0.388804,59189.82,0.005188,59205.07,0.070664,59187.2,0.017001,59205.08,0.005068,59185.64,0.145,59205.35,0.2,59179.0,0.270926,59205.45,0.422614,59178.99,0.0074,59207.58,0.145,59177.51,0.145,59209.68,0.540946,59175.85,0.422614,59209.71,0.009992,59175.01,0.008446,59210.66,0.112641,59173.85,0.001735,59214.73,0.291465,59171.43,0.145,59217.91,0.17054,59169.89,0.506622,59220.0,0.416848,59169.24,0.564887,59220.65,0.145,59167.32,0.000844,59221.87,0.008445,59167.15,0.015644,59227.65,0.2295,59163.66,0.540946,59227.66,0.145,59162.52,0.145,59227.8,2.133948,59162.02,0.058364,59229.5,0.599093,2024-07-13 23:59:41.736000
64,59196.27,0.847772,58807.05,0.541959,59191.24,0.112645,59196.28,0.338119,59190.51,0.540946,59203.08,0.388804,59189.82,0.005188,59205.07,0.070664,59187.2,0.017001,59205.08,0.005068,59185.64,0.145,59205.35,0.2,59179.0,0.270926,59205.45,0.422614,59178.99,0.0074,59207.58,0.145,59177.51,0.145,59209.68,0.540946,59175.85,0.422614,59209.71,0.009992,59175.01,0.008446,59210.66,0.112641,59173.85,0.001735,59214.73,0.291465,59171.43,0.145,59217.91,0.17054,59169.89,0.506622,59220.0,0.416848,59169.24,0.564887,59220.65,0.145,59167.32,0.000844,59221.87,0.008445,59167.15,0.015644,59227.65,0.2295,59163.66,0.540946,59227.66,0.145,59162.52,0.145,59227.8,2.133948,59162.02,0.058364,59229.5,0.599093,2024-07-13 23:59:41.939000
65,59196.27,0.702772,58807.05,0.541959,59191.24,0.112645,59196.28,0.338119,59190.51,0.540946,59203.08,0.388804,59189.82,0.005188,59205.07,0.070664,59187.2,0.017001,59205.08,0.005068,59185.64,0.145,59205.35,0.2,59179.0,0.270926,59205.45,0.422614,59178.99,0.0074,59207.58,0.145,59177.51,0.145,59209.68,0.540946,59175.85,0.422614,59209.71,0.009992,59175.01,0.008446,59210.66,0.112641,59173.85,0.001735,59214.73,0.291465,59171.43,0.145,59217.91,0.17054,59169.89,0.506622,59220.0,0.416848,59169.24,0.564887,59220.65,0.145,59167.32,0.000844,59221.87,0.008445,59167.15,0.015644,59227.65,0.2295,59163.66,0.540946,59227.66,0.145,59162.52,0.145,59227.8,2.133948,59162.02,0.058364,59229.5,0.599093,2024-07-13 23:59:42.012000
66,59196.27,0.639872,58807.05,0.541959,59191.24,0.112645,59196.28,0.338119,59190.51,0.540946,59203.08,0.388804,59189.82,0.005188,59205.07,0.070664,59187.2,0.017001,59205.08,0.005068,59185.64,0.145,59205.35,0.2,59179.0,0.270926,59205.45,0.422614,59178.99,0.0074,59207.58,0.145,59177.51,0.145,59209.68,0.540946,59175.85,0.422614,59209.71,0.009992,59175.01,0.008446,59210.66,0.112641,59173.85,0.001735,59214.73,0.291465,59171.43,0.145,59217.91,0.17054,59169.89,0.506622,59220.0,0.416848,59169.24,0.564887,59220.65,0.145,59167.32,0.000844,59221.87,0.008445,59167.15,0.015644,59227.65,0.2295,59163.66,0.540946,59227.66,0.145,59162.52,0.145,59227.8,2.133948,59162.02,0.058364,59229.5,0.599093,2024-07-13 23:59:42.113000
67,59196.27,0.251215,58807.05,0.541959,59191.24,0.112645,59196.28,0.338119,59190.51,0.540946,59203.08,0.388804,59189.82,0.005188,59205.07,0.070664,59187.2,0.017001,59205.08,0.005068,59185.64,0.145,59205.35,0.2,59179.0,0.270926,59205.45,0.422614,59178.99,0.0074,59207.58,0.145,59177.51,0.145,59209.68,0.540946,59175.85,0.422614,59209.71,0.009992,59175.01,0.008446,59210.66,0.112641,59173.85,0.001735,59214.73,0.291465,59171.43,0.145,59217.91,0.17054,59169.89,0.506622,59220.0,0.416848,59169.24,0.564887,59220.65,0.145,59167.32,0.000844,59221.87,0.008445,59167.15,0.015644,59227.65,0.2295,59163.66,0.540946,59227.66,0.145,59162.52,0.145,59227.8,2.133948,59162.02,0.058364,59229.5,0.599093,2024-07-13 23:59:42.201000
68,59196.27,0.000539,58807.05,0.541959,59192.79,0.388804,59196.28,0.371931,59190.51,0.540946,59197.84,0.03893,59189.82,0.005188,59199.28,0.05118,59187.2,0.017001,59201.99,0.05118,59185.64,0.145,59203.08,0.388804,59185.18,0.112637,59205.07,0.070664,59177.51,0.145,59205.08,0.005068,59175.86,0.213716,59205.35,0.2,59175.85,0.422614,59205.45,0.422614,59175.01,0.008446,59207.58,0.145,59173.85,0.001735,59209.68,0.540946,59173.2,0.0074,59209.71,0.009992,59171.43,0.145,59210.66,0.112641,59169.89,0.506622,59214.73,0.291465,59169.24,0.564887,59217.91,0.17054,59167.32,0.000844,59220.0,0.416848,59167.15,0.015644,59220.65,0.145,59163.66,0.540946,59221.86,0.21336,59162.52,0.145,59221.87,0.008445,2024-07-13 23:59:42.302000
69,59196.27,0.000539,58807.05,0.541959,59192.83,0.0629,59196.28,0.393408,59192.79,0.388804,59197.84,0.03893,59190.51,0.540946,59199.28,0.05118,59189.82,0.005188,59201.99,0.05118,59187.2,0.017001,59203.08,0.388804,59185.64,0.145,59205.07,0.070664,59185.18,0.112637,59205.08,0.005068,59177.51,0.145,59205.35,0.2,59175.86,0.213716,59205.45,0.422614,59175.85,0.422614,59207.58,0.145,59175.01,0.008446,59209.68,0.540946,59173.85,0.001735,59209.71,0.009992,59173.2,0.0074,59210.66,0.112641,59171.43,0.145,59214.73,0.291465,59169.89,0.506622,59217.91,0.17054,59169.24,0.564887,59220.0,0.416848,59167.32,0.000844,59220.65,0.145,59167.15,0.015644,59221.87,0.008445,59163.66,0.540946,59227.66,0.145,2024-07-13 23:59:42.431000
70,59196.27,0.000539,58807.05,0.541959,59192.97,0.0629,59196.28,0.393408,59192.84,0.2,59197.84,0.03893,59192.79,0.388804,59199.28,0.05118,59190.51,0.540946,59201.99,0.05118,59189.82,0.005188,59203.08,0.388804,59187.2,0.017001,59205.07,0.070664,59185.64,0.145,59205.08,0.005068,59185.18,0.112637,59205.35,0.2,59177.51,0.145,59205.45,0.422614,59175.86,0.213716,59207.58,0.145,59175.85,0.422614,59209.68,0.540946,59175.01,0.008446,59209.71,0.009992,59173.85,0.001735,59210.66,0.112641,59173.2,0.0074,59214.73,0.291465,59171.43,0.145,59217.91,0.17054,59169.89,0.506622,59220.0,0.416848,59169.24,0.564887,59220.65,0.145,59167.32,0.000844,59221.87,0.008445,59167.15,0.015644,59227.65,0.270857,2024-07-13 23:59:42.536000
71,59196.27,0.000539,58807.05,0.541959,59193.3,0.0629,59196.28,0.393408,59192.98,0.2,59197.84,0.03893,59192.84,0.2,59199.28,0.05118,59192.79,0.388804,59201.99,0.05118,59190.51,0.540946,59203.08,0.388804,59189.82,0.005188,59205.07,0.070664,59187.2,0.017001,59205.08,0.005068,59185.64,0.145,59205.35,0.2,59185.18,0.112637,59205.45,0.422614,59177.51,0.145,59207.58,0.145,59175.86,0.213716,59209.68,0.540946,59175.85,0.422614,59209.71,0.009992,59175.01,0.008446,59210.66,0.112641,59173.85,0.001735,59214.73,0.291465,59173.2,0.0074,59217.91,0.17054,59171.43,0.145,59220.0,0.416848,59169.89,0.506622,59220.65,0.145,59169.24,0.564887,59221.87,0.008445,59167.32,0.000844,59227.65,0.270857,2024-07-13 23:59:42.624000
72,59196.27,0.000539,58807.05,0.541959,59193.31,0.2,59196.28,0.393408,59193.3,0.0629,59197.84,0.03893,59192.79,0.388804,59199.28,0.05118,59190.51,0.540946,59201.99,0.05118,59189.82,0.005188,59203.08,0.388804,59187.2,0.017001,59205.07,0.070664,59185.64,0.145,59205.08,0.005068,59185.18,0.112637,59205.35,0.2,59177.51,0.145,59205.45,0.422614,59175.86,0.213716,59207.58,0.145,59175.85,0.422614,59209.68,0.540946,59175.01,0.008446,59209.71,0.009992,59173.85,0.001735,59210.66,0.112641,59173.2,0.0074,59214.73,0.291465,59171.43,0.145,59217.91,0.17054,59169.89,0.506622,59220.0,0.416848,59169.24,0.564887,59220.65,0.145,59167.32,0.000844,59221.87,0.008445,59167.15,0.015644,59227.65,0.270857,2024-07-13 23:59:42.746000
73,59196.27,0.000539,58807.05,0.541959,59193.31,0.2,59196.28,0.393408,59193.3,0.0629,59197.84,0.03893,59192.79,0.388804,59199.28,0.05118,59190.51,0.540946,59201.99,0.05118,59189.82,0.005188,59203.08,0.388804,59187.2,0.017001,59205.07,0.070664,59185.64,0.145,59205.08,0.005068,59185.18,0.112637,59205.35,0.2,59177.51,0.145,59205.45,0.422614,59175.86,0.213716,59207.58,0.145,59175.85,0.422614,59209.68,0.540946,59175.01,0.008446,59209.71,0.009992,59173.85,0.001735,59210.66,0.112641,59173.2,0.0074,59214.73,0.291465,59171.43,0.145,59217.91,0.17054,59169.89,0.506622,59220.0,0.416848,59169.24,0.564887,59220.65,0.145,59167.32,0.000844,59221.87,0.008445,59167.15,0.015644,59227.65,0.270857,2024-07-13 23:59:42.803000
74,59196.27,0.000539,58807.05,0.541959,59193.31,0.2,59196.28,0.393408,59192.79,0.388804,59197.84,0.03893,59190.51,0.540946,59199.28,0.05118,59189.82,0.005188,59201.99,0.05118,59187.2,0.017001,59203.08,0.388804,59185.64,0.145,59205.07,0.070664,59185.18,0.112637,59205.08,0.005068,59177.51,0.145,59205.35,0.2,59175.86,0.213716,59205.45,0.422614,59175.85,0.422614,59207.58,0.145,59175.01,0.008446,59209.68,0.540946,59173.85,0.001735,59209.71,0.009992,59173.2,0.0074,59210.66,0.112641,59171.43,0.145,59214.73,0.291465,59169.89,0.506622,59217.91,0.17054,59169.24,0.564887,59220.0,0.416848,59167.32,0.000844,59220.65,0.145,59167.15,0.015644,59221.87,0.008445,59163.66,0.540946,59227.65,0.270857,2024-07-13 23:59:42.947000
75,59196.27,0.000539,58807.05,0.541959,59193.32,0.0629,59196.28,0.393408,59193.31,0.2,59197.84,0.03893,59192.79,0.388804,59199.28,0.05118,59190.51,0.540946,59201.99,0.05118,59189.82,0.005188,59203.08,0.388804,59187.2,0.017001,59205.07,0.070664,59185.64,0.145,59205.08,0.005068,59185.18,0.112637,59205.35,0.2,59177.51,0.145,59205.45,0.422614,59175.86,0.213716,59207.58,0.145,59175.85,0.422614,59209.68,0.540946,59175.01,0.008446,59209.71,0.009992,59173.85,0.001735,59210.66,0.112641,59173.2,0.0074,59214.73,0.291465,59171.43,0.145,59217.91,0.17054,59169.89,0.506622,59220.0,0.416848,59169.24,0.564887,59220.65,0.145,59167.32,0.000844,59221.87,0.008445,59167.15,0.015644,59227.65,0.270692,2024-07-13 23:59:43.009000
76,59196.27,0.000539,58807.05,0.541959,59193.42,0.0629,59196.28,0.393408,59193.33,0.2,59197.84,0.03893,59192.79,0.388804,59199.28,0.05118,59190.51,0.540946,59201.99,0.05118,59189.82,0.005188,59203.08,0.388804,59187.2,0.017001,59205.07,0.070664,59185.64,0.145,59205.08,0.005068,59185.18,0.112637,59205.35,0.2,59177.51,0.145,59205.45,0.422614,59175.86,0.213716,59207.58,0.145,59175.85,0.422614,59209.68,0.540946,59175.01,0.008446,59209.71,0.009992,59173.85,0.001735,59210.66,0.112641,59173.2,0.0074,59214.73,0.291465,59171.43,0.145,59217.91,0.17054,59169.89,0.506622,59220.0,0.416848,59169.24,0.564887,59220.65,0.145,59167.32,0.000844,59221.87,0.008445,59167.15,0.015644,59227.65,0.270692,2024-07-13 23:59:43.147000
77,59196.27,0.000539,58807.05,0.541959,59193.43,0.2,59196.28,0.393408,59193.42,0.0629,59197.84,0.03893,59193.33,0.2,59199.28,0.05118,59192.79,0.388804,59201.99,0.05118,59190.51,0.540946,59203.08,0.388804,59189.82,0.005188,59205.07,0.070664,59187.2,0.017001,59205.08,0.005068,59185.64,0.145,59205.35,0.2,59185.18,0.112637,59205.45,0.422614,59177.51,0.145,59207.58,0.145,59175.86,0.213716,59209.68,0.540946,59175.85,0.422614,59209.71,0.009992,59175.01,0.008446,59210.66,0.112641,59173.85,0.001735,59214.73,0.291465,59173.2,0.0074,59217.91,0.17054,59171.43,0.145,59220.0,0.416848,59169.89,0.506622,59220.65,0.145,59169.24,0.564887,59221.87,0.008445,59167.32,0.000844,59227.65,0.270692,2024-07-13 23:59:43.240000
78,59196.27,0.000539,58807.05,0.541959,59193.43,0.2,59196.28,0.393408,59193.42,0.0629,59197.84,0.03893,59192.79,0.388804,59199.28,0.05118,59190.51,0.540946,59201.99,0.05118,59189.82,0.005188,59203.08,0.388804,59187.2,0.017001,59205.07,0.070664,59185.64,0.145,59205.08,0.005068,59185.18,0.112637,59205.35,0.2,59177.51,0.145,59205.45,0.422614,59175.86,0.213716,59207.58,0.145,59175.85,0.422614,59209.68,0.540946,59175.01,0.008446,59209.71,0.009992,59173.85,0.001735,59210.66,0.112641,59173.2,0.0074,59214.73,0.291465,59171.43,0.145,59217.91,0.17054,59169.89,0.506622,59220.0,0.416848,59169.24,0.564887,59220.65,0.145,59167.32,0.000844,59221.87,0.008445,59167.15,0.015644,59227.65,0.270692,2024-07-13 23:59:43.332000
79,59196.27,0.000539,58807.05,0.541959,59193.43,0.2,59196.28,0.393408,59193.42,0.0629,59197.84,0.03893,59192.79,0.388804,59199.28,0.05118,59190.51,0.540946,59201.99,0.05118,59189.82,0.005188,59203.08,0.388804,59187.2,0.017001,59205.07,0.070664,59185.64,0.145,59205.08,0.005068,59185.18,0.112637,59205.35,0.2,59177.51,0.145,59205.45,0.422614,59175.86,0.213716,59207.58,0.145,59175.85,0.422614,59209.68,0.540946,59175.01,0.008446,59209.71,0.009992,59173.85,0.001735,59210.66,0.112641,59173.2,0.0074,59214.73,0.291465,59171.43,0.145,59217.91,0.17054,59169.89,0.506622,59220.0,0.416848,59169.24,0.564887,59220.65,0.145,59167.32,0.000844,59221.87,0.008445,59167.15,0.015644,59227.66,0.145,2024-07-13 23:59:43.476000
80,59196.27,0.000539,58807.05,0.541959,59193.43,0.2,59196.28,0.393408,59193.42,0.0629,59197.84,0.03893,59192.79,0.388804,59199.28,0.05118,59190.51,0.540946,59201.99,0.05118,59189.82,0.005188,59203.08,0.388804,59187.2,0.017001,59205.07,0.070664,59185.64,0.145,59205.08,0.005068,59185.18,0.112637,59205.35,0.2,59177.51,0.145,59205.45,0.422614,59175.86,0.213716,59207.58,0.145,59175.85,0.422614,59209.68,0.540946,59175.01,0.008446,59209.71,0.009992,59173.85,0.001735,59210.66,0.112641,59173.2,0.0074,59214.73,0.291465,59171.43,0.145,59217.91,0.17054,59169.89,0.506622,59220.0,0.416848,59169.24,0.564887,59220.65,0.145,59167.32,0.000844,59221.87,0.008445,59167.15,0.015644,59227.65,0.2703,2024-07-13 23:59:43.503000
81,59196.27,0.000539,58807.05,0.541959,59193.43,0.2,59196.28,0.393408,59192.79,0.388804,59197.84,0.03893,59189.82,0.005188,59199.28,0.05118,59187.2,0.017001,59201.99,0.05118,59185.64,0.145,59203.08,0.388804,59185.18,0.112637,59205.07,0.070664,59183.33,0.540946,59205.08,0.005068,59177.51,0.145,59205.35,0.2,59175.86,0.213716,59205.45,0.422614,59175.85,0.422614,59207.58,0.145,59175.01,0.008446,59209.68,0.540946,59173.85,0.001735,59209.71,0.009992,59173.2,0.0074,59210.66,0.112641,59171.43,0.145,59214.73,0.291465,59169.89,0.506622,59217.91,0.17054,59169.24,0.564887,59220.0,0.416848,59167.32,0.000844,59220.65,0.145,59167.15,0.015644,59221.87,0.008445,59163.66,0.540946,59227.65,0.2703,2024-07-13 23:59:43.614000
82,59196.27,0.000539,58807.05,0.541959,59193.43,0.2,59196.28,0.393408,59192.79,0.388804,59197.84,0.03893,59189.82,0.005188,59199.28,0.05118,59187.2,0.017001,59201.99,0.05118,59185.64,0.145,59203.08,0.388804,59185.18,0.112637,59205.07,0.070664,59183.33,0.540946,59205.08,0.005068,59177.51,0.145,59205.35,0.2,59175.86,0.213716,59205.45,0.422614,59175.85,0.422614,59207.58,0.145,59175.01,0.008446,59209.68,0.540946,59173.85,0.001735,59209.71,0.009992,59173.2,0.0074,59210.66,0.112641,59171.43,0.145,59214.73,0.291465,59169.89,0.506622,59217.91,0.17054,59169.24,0.564887,59220.0,0.416848,59167.32,0.000844,59220.65,0.145,59167.15,0.015644,59221.86,0.210132,59163.71,0.465406,59221.87,0.008445,2024-07-13 23:59:43.712000
83,59196.27,0.000539,58807.05,0.541959,59191.85,0.388804,59196.28,0.393408,59189.82,0.005188,59197.84,0.03893,59187.2,0.017001,59199.28,0.05118,59185.64,0.145,59201.99,0.05118,59185.18,0.112637,59203.08,0.388804,59183.33,0.540946,59205.07,0.070664,59177.51,0.145,59205.08,0.005068,59175.86,0.213716,59205.35,0.2,59175.85,0.422614,59205.45,0.422614,59175.01,0.008446,59207.58,0.145,59173.85,0.001735,59209.68,0.540946,59173.2,0.0074,59209.71,0.009992,59171.43,0.145,59210.66,0.112641,59169.89,0.506622,59214.73,0.291465,59169.24,0.564887,59217.91,0.17054,59167.32,0.000844,59220.0,0.416848,59167.15,0.015644,59220.65,0.145,59163.71,0.465406,59221.86,0.210132,59163.66,0.540946,59221.87,0.008445,2024-07-13 23:59:43.857000
84,59196.27,0.000539,58807.05,0.541959,59191.86,0.2,59196.28,0.393408,59191.85,0.388804,59197.84,0.03893,59189.82,0.005188,59199.28,0.05118,59187.2,0.017001,59201.99,0.05118,59185.64,0.145,59203.08,0.388804,59185.18,0.112637,59205.07,0.070664,59183.33,0.540946,59205.08,0.005068,59177.51,0.145,59205.35,0.2,59175.86,0.213716,59205.45,0.422614,59175.85,0.422614,59207.58,0.145,59175.01,0.008446,59209.68,0.540946,59173.85,0.001735,59209.71,0.009992,59173.2,0.0074,59210.66,0.112641,59171.43,0.145,59214.73,0.291465,59169.89,0.506622,59217.91,0.17054,59169.24,0.564887,59220.0,0.416848,59167.32,0.000844,59220.65,0.145,59167.15,0.015644,59221.86,0.210132,59163.66,0.540946,59221.87,0.008445,2024-07-13 23:59:43.903000
85,59196.27,0.000539,58807.05,0.541959,59191.86,0.2,59196.28,0.393408,59191.85,0.388804,59197.84,0.03893,59189.82,0.005188,59199.28,0.05118,59187.2,0.017001,59201.99,0.05118,59185.64,0.145,59203.08,0.388804,59185.18,0.112637,59205.07,0.070664,59183.33,0.540946,59205.08,0.005068,59177.51,0.145,59205.35,0.2,59175.85,0.422614,59205.45,0.422614,59175.01,0.008446,59207.58,0.145,59173.85,0.001735,59209.68,0.540946,59173.2,0.0074,59209.71,0.009992,59171.43,0.145,59210.66,0.112641,59169.89,0.506622,59214.73,0.291465,59169.24,0.564887,59217.91,0.17054,59167.32,0.000844,59220.0,0.416848,59167.15,0.015644,59220.65,0.145,59163.66,0.540946,59221.86,0.210132,59162.52,0.145,59221.87,0.008445,2024-07-13 23:59:44.008000
86,59191.86,0.2,58807.05,0.541959,59191.85,0.388804,59196.28,0.393408,59189.82,0.005188,59197.84,0.03893,59187.2,0.017001,59199.28,0.05118,59185.64,0.145,59201.99,0.05118,59185.18,0.112637,59203.08,0.388804,59183.33,0.540946,59205.07,0.070664,59177.52,0.212376,59205.08,0.005068,59177.51,0.145,59205.35,0.2,59175.85,0.422614,59205.45,0.422614,59175.01,0.008446,59207.58,0.145,59173.85,0.001735,59209.68,0.540946,59173.2,0.0074,59209.71,0.009992,59171.43,0.145,59210.66,0.112641,59169.89,0.506622,59214.73,0.291465,59169.24,0.564887,59217.91,0.17054,59167.32,0.000844,59220.0,0.416848,59167.15,0.015644,59220.65,0.145,59163.66,0.540946,59221.86,0.210132,59162.52,0.145,59221.87,0.008445,2024-07-13 23:59:44.126000
87,59191.86,0.233788,58807.05,0.541959,59191.85,0.388804,59191.87,0.178785,59189.82,0.005188,59196.28,0.325811,59187.2,0.017001,59199.28,0.05118,59185.64,0.145,59201.99,0.05118,59185.18,0.112637,59205.07,0.070664,59183.33,0.540946,59205.08,0.005068,59177.51,0.145,59205.35,0.2,59175.86,0.227078,59205.45,0.422614,59175.85,0.422614,59207.58,0.145,59175.01,0.008446,59209.68,0.540946,59173.85,0.001735,59209.71,0.009992,59173.2,0.0074,59210.66,0.112641,59171.43,0.145,59214.73,0.291465,59169.89,0.506622,59217.91,0.17054,59169.24,0.564887,59220.0,0.416848,59167.32,0.000844,59220.65,0.145,59167.15,0.015644,59221.86,0.210132,59163.66,0.540946,59221.87,0.008445,59162.52,0.145,59227.65,0.004217,2024-07-13 23:59:44.219000
88,59191.86,0.233788,58807.05,0.541959,59191.85,0.388804,59191.87,0.178785,59189.82,0.005188,59196.28,0.325811,59187.2,0.017001,59198.38,0.388804,59185.64,0.145,59199.28,0.05118,59185.18,0.112637,59201.99,0.05118,59183.33,0.540946,59205.07,0.070664,59177.51,0.145,59205.08,0.005068,59175.86,0.227078,59205.35,0.2,59175.85,0.422614,59205.45,0.422614,59175.01,0.008446,59207.58,0.145,59173.85,0.001735,59209.68,0.540946,59173.2,0.0074,59209.71,0.009992,59171.43,0.145,59210.66,0.112641,59169.89,0.506622,59214.73,0.291465,59169.24,0.564887,59217.91,0.17054,59167.32,0.000844,59220.0,0.416848,59167.15,0.015644,59220.65,0.145,59163.66,0.540946,59221.86,0.210132,59162.52,0.145,59221.87,0.008445,2024-07-13 23:59:44.339000
89,59191.86,0.233788,58807.05,0.541959,59191.85,0.388804,59191.87,0.178785,59189.82,0.005188,59196.28,0.325811,59187.2,0.017001,59198.38,0.388804,59185.64,0.145,59199.28,0.05118,59185.18,0.112637,59201.99,0.05118,59183.33,0.540946,59205.07,0.070664,59177.51,0.145,59205.08,0.005068,59175.86,0.227078,59205.35,0.2,59175.85,0.422614,59205.45,0.422614,59175.01,0.008446,59207.58,0.145,59173.85,0.001735,59209.68,0.540946,59173.2,0.0074,59209.71,0.009992,59171.43,0.145,59214.73,0.291465,59169.89,0.506622,59217.91,0.17054,59169.24,0.564887,59220.0,0.416848,59167.32,0.000844,59220.65,0.145,59167.15,0.015644,59221.86,0.210132,59163.66,0.540946,59221.87,0.008445,59162.52,0.145,59227.65,0.004217,2024-07-13 23:59:44.475000
90,59191.86,0.233788,58807.05,0.541959,59191.85,0.388804,59191.87,0.178785,59189.82,0.005188,59196.28,0.325811,59187.2,0.017001,59198.38,0.388804,59185.64,0.145,59199.28,0.05118,59185.18,0.112637,59201.99,0.05118,59183.33,0.540946,59205.07,0.070664,59177.51,0.145,59205.08,0.005068,59175.86,0.227078,59205.35,0.2,59175.85,0.422614,59205.45,0.422614,59175.01,0.008446,59205.78,0.112637,59173.85,0.001735,59207.58,0.145,59173.2,0.0074,59209.68,0.540946,59171.43,0.145,59209.71,0.009992,59169.89,0.506622,59214.73,0.291465,59169.24,0.564887,59217.91,0.17054,59167.32,0.000844,59220.0,0.416848,59167.15,0.015644,59220.65,0.145,59163.66,0.540946,59221.86,0.210132,59162.52,0.145,59221.87,0.008445,2024-07-13 23:59:44.510000
91,59191.86,0.233788,58807.05,0.541959,59191.85,0.388804,59191.87,0.178785,59187.2,0.017001,59196.28,0.325811,59185.64,0.145,59198.38,0.388804,59185.18,0.112637,59199.28,0.05118,59183.33,0.540946,59201.99,0.05118,59177.51,0.145,59205.34,0.070664,59175.86,0.227078,59205.35,0.2,59175.85,0.422614,59205.45,0.422614,59175.01,0.008446,59205.78,0.112637,59173.85,0.001735,59207.58,0.145,59173.2,0.0074,59209.68,0.540946,59171.43,0.145,59209.71,0.009992,59169.89,0.506622,59214.73,0.291465,59169.24,0.564887,59217.91,0.17054,59167.32,0.000844,59220.0,0.416848,59167.15,0.015644,59220.65,0.145,59163.66,0.540946,59221.86,0.210132,59162.52,0.145,59221.87,0.008445,59162.02,0.058364,59227.65,0.004217,2024-07-13 23:59:44.601000
92,59191.86,0.233788,58807.05,0.541959,59191.85,0.388804,59191.87,0.178785,59187.2,0.017001,59196.28,0.325811,59185.64,0.145,59198.38,0.388804,59185.18,0.112637,59199.28,0.05118,59183.33,0.540946,59201.99,0.05118,59177.51,0.145,59205.34,0.070664,59175.86,0.227078,59205.35,0.2,59175.85,0.422614,59205.45,0.422614,59175.01,0.008446,59205.78,0.112637,59173.85,0.001735,59207.58,0.145,59173.2,0.0074,59209.68,0.540946,59171.43,0.145,59209.71,0.009992,59169.89,0.506622,59214.73,0.291465,59169.24,0.564887,59217.91,0.17054,59167.32,0.000844,59220.0,0.416848,59167.15,0.015644,59220.65,0.145,59163.66,0.540946,59221.86,0.210132,59162.52,0.145,59221.87,0.008445,59162.02,0.058364,59227.65,0.004217,2024-07-13 23:59:44.986000
93,59191.86,0.233788,58807.05,0.541959,59187.2,0.017001,59191.87,0.178785,59185.64,0.145,59196.28,0.325811,59185.18,0.112637,59198.38,0.388804,59183.33,0.540946,59199.28,0.05118,59177.51,0.145,59201.99,0.05118,59175.86,0.227078,59205.34,0.070664,59175.85,0.422614,59205.35,0.2,59175.01,0.008446,59205.45,0.422614,59173.85,0.001735,59205.78,0.112637,59173.2,0.0074,59207.58,0.145,59171.43,0.145,59209.68,0.540946,59169.89,0.506622,59209.71,0.009992,59169.24,0.564887,59214.73,0.291465,59167.32,0.000844,59217.91,0.17054,59167.15,0.015644,59220.0,0.416848,59163.66,0.540946,59220.65,0.145,59162.52,0.145,59221.86,0.210132,59162.02,0.058364,59221.87,0.008445,59153.32,0.145,59227.65,0.004217,2024-07-13 23:59:45.005000
94,59189.67,0.0629,58807.05,0.541959,59189.31,0.145,59189.68,0.145,59187.8,0.388566,59189.99,0.32379,59187.46,0.005012,59196.28,0.180811,59187.21,0.2,59199.28,0.05118,59187.2,0.017001,59201.99,0.05118,59185.64,0.145,59202.17,0.005212,59185.18,0.112637,59203.13,0.388566,59183.33,0.540946,59205.34,0.070664,59177.51,0.145,59205.35,0.2,59175.86,0.227078,59205.45,0.422614,59175.85,0.422614,59205.78,0.112637,59175.01,0.008446,59207.58,0.145,59173.85,0.001735,59209.68,0.540946,59173.2,0.0074,59209.71,0.009992,59171.43,0.145,59214.73,0.291465,59169.89,0.506622,59217.91,0.17054,59169.24,0.564887,59220.0,0.416848,59167.32,0.000844,59220.65,0.145,59167.15,0.015644,59221.86,0.210132,2024-07-13 23:59:45.104000
95,59189.67,0.441689,58807.05,0.541959,59189.31,0.145,59189.68,0.014334,59187.8,0.388566,59189.99,0.17879,59187.46,0.005012,59196.28,0.166477,59187.2,0.017001,59199.28,0.05118,59185.64,0.145,59201.99,0.05118,59185.18,0.112637,59202.17,0.005212,59183.33,0.540946,59203.13,0.388566,59177.51,0.145,59205.34,0.070664,59175.86,0.227078,59205.35,0.2,59175.85,0.422614,59205.45,0.422614,59175.01,0.008446,59205.78,0.112637,59173.85,0.001735,59207.58,0.145,59173.2,0.0074,59209.68,0.540946,59171.43,0.145,59209.71,0.009992,59169.89,0.506622,59214.73,0.291465,59169.24,0.564887,59217.91,0.17054,59167.32,0.000844,59220.0,0.416848,59167.15,0.015644,59220.65,0.145,59163.66,0.540946,59221.86,0.210132,2024-07-13 23:59:45.217000
96,59189.67,0.441689,58807.05,0.541959,59189.31,0.145,59189.68,0.014334,59187.8,0.388566,59196.28,0.166477,59187.46,0.005012,59199.28,0.05118,59187.2,0.017001,59201.99,0.05118,59185.64,0.145,59202.17,0.005212,59185.18,0.112637,59203.13,0.388566,59183.33,0.540946,59205.34,0.070664,59177.51,0.145,59205.35,0.2,59175.86,0.227078,59205.45,0.422614,59175.85,0.422614,59205.78,0.112637,59175.01,0.008446,59207.58,0.145,59173.85,0.001735,59209.68,0.540946,59173.2,0.0074,59209.71,0.009992,59171.43,0.145,59214.73,0.291465,59169.89,0.506622,59217.91,0.17054,59169.24,0.564887,59220.0,0.416848,59167.32,0.000844,59220.65,0.145,59167.15,0.015644,59221.86,0.210132,59163.66,0.540946,59221.87,0.008445,2024-07-13 23:59:45.394000
97,59189.67,0.441689,58807.05,0.541959,59189.31,0.145,59189.68,0.014334,59187.8,0.388566,59196.28,0.166477,59187.46,0.005012,59199.28,0.05118,59187.2,0.017001,59201.99,0.05118,59185.64,0.145,59202.17,0.005212,59185.18,0.112637,59203.13,0.388566,59183.33,0.540946,59205.34,0.070664,59177.51,0.145,59205.35,0.2,59175.86,0.227078,59205.45,0.422614,59175.85,0.422614,59205.78,0.112637,59175.01,0.008446,59207.58,0.145,59173.85,0.001735,59209.68,0.540946,59173.2,0.0074,59209.71,0.009992,59171.43,0.145,59214.73,0.291465,59169.89,0.506622,59217.91,0.17054,59169.24,0.564887,59220.0,0.416848,59167.32,0.000844,59220.65,0.145,59167.15,0.015644,59221.86,0.210132,59163.66,0.540946,59221.87,0.008445,2024-07-13 23:59:45.470000
98,59189.67,0.441689,58807.05,0.541959,59189.31,0.145,59189.68,0.014334,59187.8,0.388566,59196.28,0.166477,59187.46,0.005012,59199.28,0.05118,59187.2,0.017001,59201.99,0.05118,59185.64,0.145,59202.17,0.005212,59185.18,0.112637,59203.13,0.388566,59183.33,0.540946,59205.34,0.070664,59177.51,0.145,59205.35,0.2,59175.86,0.227078,59205.45,0.422614,59175.85,0.422614,59205.78,0.112637,59175.01,0.008446,59207.58,0.145,59173.85,0.001735,59209.68,0.540946,59173.2,0.0074,59209.71,0.009992,59171.43,0.145,59214.73,0.291465,59169.89,0.506622,59217.91,0.17054,59169.24,0.564887,59220.0,0.416848,59167.32,0.000844,59220.65,0.145,59167.15,0.015644,59221.86,0.210132,59163.66,0.540946,59221.87,0.008445,2024-07-13 23:59:45.508000
99,59189.67,0.441689,58807.05,0.541959,59189.31,0.145,59189.68,0.014334,59187.8,0.388566,59196.28,0.166477,59187.2,0.017001,59199.28,0.05118,59185.64,0.145,59201.99,0.05118,59185.18,0.112637,59202.17,0.005212,59183.33,0.540946,59203.13,0.388566,59177.51,0.145,59205.34,0.070664,59175.86,0.227078,59205.35,0.2,59175.85,0.422614,59205.45,0.422614,59175.01,0.008446,59205.78,0.112637,59173.85,0.001735,59207.58,0.145,59173.2,0.0074,59209.68,0.540946,59171.43,0.145,59209.71,0.009992,59169.89,0.506622,59214.73,0.291465,59169.24,0.564887,59217.91,0.17054,59167.32,0.000844,59220.0,0.416848,59167.15,0.015644,59220.65,0.145,59163.66,0.540946,59221.86,0.210132,59162.52,0.145,59221.87,0.008445,2024-07-13 23:59:45.636000
100,59189.67,0.441689,58807.05,0.541959,59189.31,0.145,59196.28,0.166477,59187.8,0.388566,59201.99,0.05118,59187.2,0.017001,59202.17,0.005212,59185.64,0.145,59203.13,0.388566,59185.18,0.112637,59205.34,0.070664,59183.33,0.540946,59205.35,0.2,59177.51,0.145,59205.45,0.422614,59175.86,0.227078,59205.78,0.112637,59175.85,0.422614,59207.58,0.145,59175.01,0.008446,59209.68,0.540946,59173.85,0.001735,59209.71,0.009992,59173.2,0.0074,59214.73,0.291465,59171.43,0.145,59217.91,0.17054,59169.89,0.506622,59220.0,0.416848,59169.24,0.564887,59220.65,0.145,59167.32,0.000844,59221.87,0.008445,59167.15,0.015644,59227.64,0.269067,59163.66,0.540946,59227.65,0.004217,59162.52,0.145,59227.66,0.145,2024-07-13 23:59:45.709000
101,59196.27,0.161891,58807.05,0.541959,59193.11,0.0629,59196.28,0.033786,59192.63,0.2,59201.51,0.021477,59192.62,0.29,59201.52,0.29,59189.67,0.2,59202.17,0.005212,59187.8,0.388566,59205.34,0.070664,59187.2,0.017001,59205.35,0.2,59185.64,0.145,59205.45,0.422614,59185.18,0.112637,59205.78,0.112637,59183.33,0.540946,59207.58,0.145,59177.51,0.145,59209.68,0.540946,59175.86,0.227078,59209.71,0.009992,59175.85,0.422614,59214.73,0.291465,59175.01,0.008446,59217.91,0.17054,59173.85,0.001735,59220.0,0.416848,59173.2,0.0074,59220.65,0.145,59171.43,0.145,59221.87,0.008445,59169.89,0.506622,59227.64,0.269067,59169.24,0.564887,59227.66,0.145,59167.32,0.000844,59227.8,2.133948,2024-07-13 23:59:45.804000
102,59199.71,0.29,58807.05,0.541959,59196.76,0.0629,59199.72,0.033784,59196.27,0.361891,59201.5,0.145,59193.11,0.0629,59201.51,0.021477,59192.62,0.145,59202.17,0.005212,59189.67,0.2,59205.34,0.070664,59187.8,0.388566,59205.35,0.2,59187.2,0.017001,59205.45,0.422614,59185.64,0.145,59205.78,0.112637,59185.18,0.112637,59207.58,0.145,59183.33,0.540946,59209.68,0.540946,59177.51,0.145,59209.71,0.009992,59175.85,0.422614,59210.11,0.388566,59175.01,0.008446,59214.73,0.291465,59173.85,0.001735,59217.91,0.17054,59173.2,0.0074,59220.0,0.416848,59171.43,0.145,59220.65,0.145,59169.89,0.506622,59221.87,0.008445,59169.24,0.564887,59227.64,0.269067,59167.32,0.000844,59227.66,0.145,2024-07-13 23:59:45.919000
103,59199.71,0.29,58807.05,0.541959,59196.76,0.0629,59199.72,0.033784,59196.27,0.161891,59201.5,0.145,59192.62,0.145,59201.51,0.021477,59189.67,0.2,59202.17,0.005212,59187.8,0.388566,59205.34,0.070664,59187.2,0.017001,59205.35,0.2,59185.64,0.145,59205.45,0.422614,59185.18,0.112637,59205.78,0.112637,59183.34,0.211163,59207.58,0.145,59183.33,0.540946,59209.68,0.540946,59177.51,0.145,59209.71,0.009992,59175.85,0.422614,59210.11,0.388566,59175.01,0.008446,59214.73,0.291465,59173.85,0.001735,59217.91,0.17054,59173.2,0.0074,59220.0,0.416848,59171.43,0.145,59220.65,0.145,59169.89,0.506622,59221.87,0.008445,59169.24,0.564887,59227.64,0.269067,59167.32,0.000844,59227.66,0.145,2024-07-13 23:59:46.009000
104,59199.71,0.29,58807.05,0.541959,59196.76,0.0629,59199.72,0.033784,59196.27,0.161891,59201.5,0.145,59192.62,0.145,59201.51,0.021477,59190.14,0.005141,59205.34,0.070664,59189.68,0.000539,59205.35,0.2,59189.67,0.2,59205.45,0.422614,59187.8,0.388566,59205.78,0.112637,59187.2,0.017001,59207.58,0.145,59185.64,0.145,59209.68,0.540946,59185.18,0.112637,59209.71,0.009992,59183.34,0.211163,59210.11,0.388566,59183.33,0.540946,59214.73,0.291465,59177.51,0.145,59217.91,0.17054,59175.85,0.422614,59220.0,0.416848,59175.01,0.008446,59220.65,0.145,59173.85,0.001735,59221.87,0.008445,59173.2,0.0074,59227.66,0.145,59171.43,0.145,59227.8,2.133948,59169.89,0.506622,59229.49,0.222104,2024-07-13 23:59:46.192000
105,59199.71,0.29,58807.05,0.541959,59196.76,0.0629,59199.72,0.033784,59196.27,0.161891,59201.5,0.145,59192.62,0.145,59201.51,0.021477,59190.14,0.005141,59205.34,0.070664,59189.68,0.000539,59205.35,0.2,59189.67,0.2,59205.45,0.422614,59187.8,0.388566,59205.78,0.112637,59187.2,0.017001,59207.58,0.145,59185.64,0.145,59209.68,0.540946,59185.18,0.112637,59209.71,0.009992,59183.34,0.211163,59210.11,0.388566,59183.33,0.540946,59214.73,0.291465,59177.51,0.145,59217.91,0.17054,59175.85,0.422614,59220.0,0.416848,59175.01,0.008446,59220.65,0.145,59173.85,0.001735,59221.87,0.008445,59173.2,0.0074,59227.66,0.145,59171.43,0.145,59227.8,2.133948,59169.89,0.506622,59229.49,0.222104,2024-07-13 23:59:46.225000
106,59199.71,0.29,58807.05,0.541959,59196.76,0.0629,59199.72,0.033784,59196.27,0.161891,59201.5,0.145,59192.62,0.145,59201.51,0.021477,59190.14,0.005141,59205.34,0.070664,59189.68,0.000539,59205.35,0.2,59189.67,0.2,59205.45,0.422614,59187.8,0.388566,59205.78,0.112637,59187.2,0.017001,59207.58,0.145,59185.64,0.145,59209.68,0.540946,59185.18,0.112637,59209.71,0.009992,59183.34,0.211163,59210.11,0.388566,59183.33,0.540946,59214.73,0.291465,59177.51,0.145,59217.91,0.17054,59175.85,0.422614,59220.0,0.416848,59175.01,0.008446,59220.65,0.145,59173.85,0.001735,59221.87,0.008445,59173.2,0.0074,59227.66,0.145,59171.43,0.145,59227.8,2.133948,59169.89,0.506622,59229.49,0.222104,2024-07-13 23:59:46.301000
107,59199.71,0.29,58807.05,0.541959,59196.76,0.0629,59199.72,0.033784,59196.27,0.161891,59201.51,0.021477,59192.62,0.145,59205.34,0.070664,59190.14,0.005141,59205.35,0.2,59189.68,0.000539,59205.45,0.422614,59189.67,0.2,59205.78,0.112637,59187.8,0.388566,59207.58,0.145,59187.2,0.017001,59209.68,0.540946,59185.64,0.145,59209.71,0.009992,59185.18,0.112637,59210.11,0.388566,59183.34,0.211163,59214.73,0.291465,59183.33,0.540946,59217.91,0.17054,59177.51,0.145,59220.0,0.416848,59175.85,0.422614,59220.65,0.145,59175.01,0.008446,59221.87,0.008445,59173.85,0.001735,59227.66,0.145,59173.2,0.0074,59227.8,2.133948,59171.43,0.145,59229.49,0.222104,59169.89,0.506622,59229.5,0.599093,2024-07-13 23:59:46.402000
108,59199.71,0.323783,58807.05,0.541959,59196.76,0.0629,59199.72,0.033784,59196.27,0.161891,59201.51,0.021477,59192.62,0.145,59205.34,0.070664,59190.14,0.005141,59205.35,0.2,59189.68,0.000539,59205.45,0.422614,59189.67,0.2,59205.78,0.112637,59187.8,0.388566,59207.58,0.145,59187.21,0.213442,59209.68,0.540946,59187.2,0.017001,59209.71,0.009992,59185.64,0.145,59210.11,0.388566,59185.18,0.112637,59214.73,0.291465,59183.33,0.540946,59217.91,0.17054,59177.51,0.145,59220.0,0.416848,59175.85,0.422614,59220.65,0.145,59175.01,0.008446,59221.87,0.008445,59173.85,0.001735,59227.66,0.145,59173.2,0.0074,59227.8,2.133948,59171.43,0.145,59229.5,0.599093,59169.89,0.506622,59230.05,0.004217,2024-07-13 23:59:46.527000
109,59199.71,0.323783,58807.05,0.541959,59196.76,0.0629,59199.72,0.033784,59196.27,0.161891,59201.51,0.021477,59192.62,0.145,59205.34,0.070664,59189.68,0.000539,59205.35,0.2,59189.67,0.2,59205.45,0.422614,59187.8,0.388566,59205.78,0.112637,59187.21,0.213442,59206.86,0.005054,59187.2,0.017001,59207.58,0.145,59185.64,0.145,59209.68,0.540946,59185.18,0.112637,59209.71,0.009992,59183.33,0.540946,59210.11,0.388566,59177.51,0.145,59214.73,0.291465,59175.85,0.422614,59217.91,0.17054,59175.01,0.008446,59220.0,0.416848,59173.85,0.001735,59220.65,0.145,59173.2,0.0074,59221.87,0.008445,59171.43,0.145,59227.66,0.145,59169.89,0.506622,59227.8,2.133948,59169.24,0.564887,59229.5,0.599093,2024-07-13 23:59:46.680000
110,59199.71,0.323783,58807.05,0.541959,59196.76,0.0629,59199.72,0.033784,59196.27,0.161891,59201.51,0.021477,59192.62,0.145,59205.34,0.070664,59189.68,0.000539,59205.35,0.2,59189.67,0.2,59205.45,0.422614,59187.8,0.388566,59205.78,0.112637,59187.2,0.017001,59206.86,0.005054,59185.65,0.226451,59207.58,0.145,59185.64,0.145,59209.68,0.540946,59185.18,0.112637,59209.71,0.009992,59183.33,0.540946,59210.11,0.388566,59177.51,0.145,59214.73,0.291465,59175.85,0.422614,59217.91,0.17054,59175.01,0.008446,59220.0,0.416848,59173.85,0.001735,59220.65,0.145,59171.43,0.145,59221.87,0.008445,59169.89,0.506622,59227.66,0.145,59169.24,0.564887,59227.8,2.133948,59167.32,0.000844,59229.5,0.599093,2024-07-13 23:59:46.767000
111,59199.71,0.323783,58807.05,0.541959,59196.76,0.0629,59199.72,0.033784,59196.27,0.161891,59201.51,0.021477,59192.62,0.145,59205.34,0.070664,59189.68,0.000539,59205.35,0.2,59189.67,0.2,59205.45,0.422614,59187.8,0.388566,59205.78,0.112637,59187.2,0.017001,59206.86,0.005054,59185.65,0.226451,59207.58,0.145,59185.64,0.145,59209.68,0.540946,59185.18,0.112637,59209.71,0.009992,59183.33,0.540946,59210.11,0.388566,59178.5,0.0074,59214.73,0.291465,59177.51,0.145,59217.91,0.17054,59175.85,0.422614,59220.0,0.416848,59175.01,0.008446,59220.65,0.145,59173.85,0.001735,59221.87,0.008445,59171.43,0.145,59227.66,0.145,59169.89,0.506622,59227.8,2.133948,59169.24,0.564887,59229.5,0.599093,2024-07-13 23:59:46.835000
112,59199.71,0.323783,58807.05,0.541959,59196.76,0.0629,59199.72,0.033784,59196.27,0.161891,59201.51,0.021477,59192.62,0.145,59205.34,0.070664,59189.68,0.000539,59205.35,0.2,59189.67,0.2,59205.45,0.422614,59187.8,0.388566,59205.78,0.112637,59187.2,0.017001,59206.86,0.005054,59185.65,0.226451,59207.58,0.145,59185.64,0.145,59209.68,0.540946,59185.18,0.112637,59209.71,0.009992,59183.33,0.540946,59210.11,0.388566,59178.5,0.0074,59214.73,0.291465,59177.51,0.145,59217.91,0.17054,59175.85,0.422614,59220.0,0.416848,59175.01,0.008446,59220.65,0.145,59173.85,0.001735,59221.87,0.008445,59171.43,0.145,59227.66,0.145,59169.89,0.506622,59227.8,2.133948,59169.24,0.564887,59229.5,0.599093,2024-07-13 23:59:47.036000
113,59199.71,0.323783,58807.05,0.541959,59196.76,0.0629,59199.72,0.033784,59196.27,0.161891,59201.51,0.021477,59192.62,0.145,59205.34,0.070664,59192.24,0.005244,59205.35,0.2,59189.68,0.000539,59205.45,0.422614,59189.67,0.2,59205.78,0.112637,59187.8,0.388566,59206.86,0.005054,59187.2,0.017001,59207.58,0.145,59185.65,0.226451,59209.68,0.540946,59185.64,0.145,59209.71,0.009992,59185.18,0.112637,59210.11,0.388566,59183.33,0.540946,59214.73,0.291465,59178.5,0.0074,59217.91,0.17054,59177.51,0.145,59220.0,0.416848,59175.85,0.422614,59220.65,0.145,59175.01,0.008446,59221.87,0.008445,59173.85,0.001735,59227.66,0.145,59171.43,0.145,59227.8,2.133948,59169.89,0.506622,59229.5,0.599093,2024-07-13 23:59:47.201000
114,59199.71,0.323783,58807.05,0.541959,59196.76,0.0629,59199.72,0.033784,59196.27,0.161891,59201.51,0.021477,59192.62,0.145,59205.34,0.070664,59192.24,0.005244,59205.35,0.2,59189.68,0.000539,59205.45,0.422614,59189.67,0.2,59205.78,0.112637,59187.8,0.388566,59206.86,0.005054,59187.2,0.017001,59207.58,0.145,59185.65,0.226451,59209.68,0.540946,59185.64,0.145,59209.71,0.009992,59185.18,0.112637,59210.11,0.388566,59183.33,0.540946,59214.73,0.291465,59178.5,0.0074,59217.91,0.17054,59177.51,0.145,59220.0,0.416848,59175.85,0.422614,59220.65,0.145,59175.01,0.008446,59221.87,0.008445,59173.85,0.001735,59227.66,0.145,59171.43,0.145,59227.8,2.133948,59169.89,0.506622,59229.5,0.599093,2024-07-13 23:59:47.203000
115,59199.71,0.323783,58807.05,0.541959,59196.76,0.0629,59199.72,0.033784,59196.27,0.161891,59201.51,0.021477,59192.62,0.145,59205.34,0.070664,59192.24,0.005244,59205.35,0.2,59189.68,0.000539,59205.45,0.422614,59189.67,0.2,59205.78,0.112637,59187.8,0.388566,59206.86,0.005054,59187.2,0.017001,59207.58,0.145,59185.65,0.226451,59209.68,0.540946,59185.64,0.145,59209.71,0.009992,59185.18,0.112637,59210.11,0.388566,59183.33,0.540946,59214.73,0.291465,59178.5,0.0074,59217.91,0.17054,59177.51,0.145,59220.0,0.416848,59175.85,0.422614,59220.65,0.145,59175.01,0.008446,59221.87,0.008445,59173.85,0.001735,59227.66,0.145,59171.43,0.145,59227.8,2.133948,59169.89,0.506622,59229.5,0.599093,2024-07-13 23:59:47.324000
116,59199.71,0.323783,58807.05,0.541959,59196.76,0.0629,59199.72,0.033784,59196.27,0.161891,59201.51,0.021477,59192.62,0.145,59205.34,0.070664,59192.24,0.005244,59205.35,0.2,59189.68,0.000539,59205.45,0.422614,59189.67,0.2,59205.78,0.112637,59187.8,0.388566,59206.86,0.005054,59187.2,0.017001,59207.58,0.145,59185.65,0.226451,59209.68,0.540946,59185.64,0.145,59209.71,0.009992,59185.18,0.112637,59210.11,0.388566,59183.33,0.540946,59214.73,0.291465,59178.5,0.0074,59217.91,0.17054,59177.51,0.145,59220.0,0.416848,59175.85,0.422614,59220.65,0.145,59175.01,0.008446,59221.87,0.008445,59173.85,0.001735,59227.66,0.145,59171.43,0.145,59227.8,2.133948,59169.89,0.506622,59229.5,0.599093,2024-07-13 23:59:47.404000
117,59199.71,0.323783,58807.05,0.541959,59196.76,0.0629,59199.72,0.033784,59196.27,0.161891,59201.51,0.021477,59192.62,0.145,59205.34,0.070664,59192.24,0.005244,59205.35,0.2,59189.68,0.000539,59205.45,0.422614,59189.67,0.2,59205.78,0.112637,59187.8,0.388566,59206.86,0.005054,59187.2,0.017001,59207.58,0.145,59185.65,0.226451,59209.68,0.540946,59185.64,0.145,59209.71,0.009992,59185.18,0.112637,59210.11,0.388566,59183.33,0.540946,59214.73,0.291465,59178.5,0.0074,59217.91,0.17054,59177.51,0.145,59220.0,0.416848,59175.85,0.422614,59220.65,0.145,59175.01,0.008446,59221.87,0.008445,59173.85,0.001735,59227.66,0.145,59171.43,0.145,59227.8,2.133948,59169.89,0.506622,59229.5,0.599093,2024-07-13 23:59:47.517000
118,59199.71,0.323783,58807.05,0.541959,59196.76,0.0629,59199.72,0.033784,59196.27,0.161891,59201.51,0.021477,59192.62,0.145,59205.34,0.070664,59192.24,0.005244,59205.35,0.2,59189.68,0.000539,59205.45,0.422614,59189.67,0.2,59205.78,0.112637,59187.8,0.388566,59206.86,0.005054,59187.2,0.017001,59207.58,0.145,59185.65,0.226451,59209.68,0.540946,59185.64,0.145,59209.71,0.009992,59185.18,0.112637,59210.11,0.388566,59183.33,0.540946,59214.73,0.291465,59178.5,0.0074,59217.91,0.17054,59177.51,0.145,59220.0,0.416848,59175.85,0.422614,59220.65,0.145,59175.01,0.008446,59221.87,0.008445,59173.85,0.001735,59227.66,0.145,59171.43,0.145,59227.8,2.133948,59169.89,0.506622,59229.5,0.599093,2024-07-13 23:59:47.613000
119,59199.71,0.033783,58807.05,0.541959,59196.76,0.0629,59199.72,0.323784,59196.27,0.161891,59201.51,0.021477,59192.62,0.145,59205.34,0.070664,59192.24,0.005244,59205.35,0.2,59189.68,0.000539,59205.45,0.422614,59189.67,0.2,59205.78,0.112637,59187.8,0.388566,59206.86,0.005054,59187.2,0.017001,59207.58,0.145,59185.64,0.145,59209.68,0.540946,59185.18,0.112637,59209.71,0.009992,59183.34,0.216089,59210.11,0.388566,59183.33,0.540946,59214.73,0.291465,59178.5,0.0074,59217.91,0.17054,59177.51,0.145,59220.0,0.416848,59175.85,0.422614,59220.65,0.145,59175.01,0.008446,59221.87,0.008445,59173.85,0.001735,59227.66,0.145,59171.43,0.145,59227.8,2.133948,59169.89,0.506622,59229.49,0.212308,2024-07-13 23:59:47.709000
120,59199.71,0.033783,58807.05,0.541959,59196.28,0.2,59199.72,0.323784,59196.27,0.161891,59201.51,0.021477,59192.62,0.145,59205.34,0.070664,59192.24,0.005244,59205.35,0.2,59189.68,0.000539,59205.45,0.422614,59187.8,0.388566,59205.78,0.112637,59187.2,0.017001,59206.86,0.005054,59185.64,0.145,59207.58,0.145,59185.18,0.112637,59209.68,0.540946,59183.33,0.540946,59209.71,0.009992,59178.51,0.259508,59210.11,0.388566,59178.5,0.0074,59214.73,0.291465,59177.51,0.145,59217.91,0.17054,59175.85,0.422614,59220.0,0.416848,59175.01,0.008446,59220.65,0.145,59173.85,0.001735,59221.87,0.008445,59171.43,0.145,59227.66,0.145,59169.89,0.506622,59227.8,2.133948,59169.24,0.564887,59229.49,0.212308,2024-07-13 23:59:47.867000
121,59199.71,0.033783,58807.05,0.541959,59196.28,0.2629,59199.72,0.323784,59196.27,0.161891,59201.51,0.021477,59192.62,0.145,59205.34,0.070664,59192.24,0.005244,59205.35,0.2,59189.68,0.000539,59205.45,0.422614,59187.8,0.388566,59205.78,0.112637,59187.2,0.017001,59206.86,0.005054,59185.64,0.145,59207.58,0.145,59185.18,0.112637,59209.68,0.540946,59183.33,0.540946,59209.71,0.009992,59178.51,0.259508,59210.11,0.388566,59178.5,0.0074,59214.73,0.291465,59177.51,0.145,59217.91,0.17054,59175.85,0.422614,59220.0,0.416848,59175.01,0.008446,59220.65,0.145,59173.85,0.001735,59221.87,0.008445,59171.43,0.145,59227.66,0.145,59169.89,0.506622,59227.8,2.133948,59169.24,0.564887,59229.49,0.212308,2024-07-13 23:59:47.948000
122,59199.71,0.033783,58807.05,0.541959,59196.28,0.2629,59199.72,0.323784,59196.27,0.161891,59201.51,0.021477,59192.62,0.145,59205.34,0.070664,59192.24,0.005244,59205.35,0.2,59189.68,0.000539,59205.45,0.422614,59187.8,0.388566,59205.78,0.112637,59187.2,0.017001,59206.86,0.005054,59185.64,0.145,59207.58,0.145,59185.18,0.112637,59209.68,0.540946,59183.33,0.540946,59209.71,0.009992,59178.51,0.259508,59210.11,0.388566,59178.5,0.0074,59214.73,0.291465,59177.51,0.145,59217.91,0.17054,59175.85,0.422614,59220.0,0.416848,59175.01,0.008446,59220.65,0.145,59173.85,0.001735,59221.87,0.008445,59171.43,0.145,59227.66,0.145,59169.89,0.506622,59227.8,2.133948,59169.24,0.564887,59229.49,0.212308,2024-07-13 23:59:48.013000
123,59199.71,0.033783,58807.05,0.541959,59196.28,0.2629,59199.72,0.323784,59196.27,0.161891,59201.51,0.021477,59192.62,0.145,59205.34,0.070664,59192.24,0.005244,59205.35,0.2,59189.68,0.000539,59205.45,0.422614,59187.8,0.388566,59205.78,0.112637,59187.2,0.017001,59206.86,0.005054,59185.64,0.145,59207.58,0.145,59185.18,0.112637,59209.68,0.540946,59183.33,0.540946,59209.71,0.009992,59178.51,0.259508,59210.11,0.388566,59178.5,0.0074,59214.73,0.291465,59177.51,0.145,59217.91,0.17054,59175.85,0.422614,59220.0,0.416848,59175.01,0.008446,59220.65,0.145,59173.85,0.001735,59221.87,0.008445,59171.43,0.145,59227.65,0.221213,59169.89,0.506622,59227.66,0.145,59169.24,0.564887,59227.8,2.133948,2024-07-13 23:59:48.111000
124,59199.71,0.033783,58807.05,0.541959,59196.77,0.000539,59199.72,0.323784,59196.28,0.2,59201.51,0.021477,59196.27,0.161891,59205.34,0.070664,59192.62,0.145,59205.35,0.2,59192.24,0.005244,59205.45,0.422614,59187.8,0.388566,59205.78,0.112637,59187.2,0.017001,59206.86,0.005054,59185.64,0.145,59207.58,0.145,59185.18,0.112637,59209.68,0.540946,59183.33,0.540946,59209.71,0.009992,59178.51,0.259508,59210.11,0.388566,59178.5,0.0074,59214.73,0.291465,59177.51,0.145,59217.91,0.17054,59175.85,0.422614,59220.0,0.416848,59175.01,0.008446,59220.65,0.145,59173.85,0.001735,59221.87,0.008445,59171.43,0.145,59227.65,0.221213,59169.89,0.506622,59227.66,0.145,59169.24,0.564887,59227.8,2.133948,2024-07-13 23:59:48.309000
125,59199.71,0.323783,58807.05,0.541959,59196.77,0.000539,59199.72,0.178784,59196.32,0.0629,59201.51,0.021477,59196.28,0.2,59205.34,0.070664,59196.27,0.161891,59205.35,0.2,59192.62,0.145,59205.45,0.422614,59192.24,0.005244,59205.78,0.112637,59187.8,0.388566,59206.86,0.005054,59187.2,0.017001,59207.58,0.145,59185.64,0.145,59209.68,0.540946,59185.18,0.112637,59209.71,0.009992,59183.33,0.540946,59210.11,0.388566,59178.51,0.259508,59214.73,0.291465,59178.5,0.0074,59217.91,0.17054,59177.51,0.145,59220.0,0.416848,59175.85,0.422614,59220.65,0.145,59175.01,0.008446,59221.87,0.008445,59173.85,0.001735,59227.65,0.221213,59171.43,0.145,59227.66,0.145,59169.89,0.506622,59227.8,2.133948,2024-07-13 23:59:48.419000
126,59199.71,0.323783,58807.05,0.541959,59196.77,0.000539,59199.72,0.178784,59196.32,0.0629,59201.51,0.021477,59196.28,0.2,59205.34,0.070664,59196.27,0.161891,59205.35,0.2,59192.62,0.145,59205.45,0.422614,59192.24,0.005244,59205.78,0.112637,59187.8,0.388566,59206.86,0.005054,59187.2,0.017001,59207.58,0.145,59185.64,0.145,59209.68,0.540946,59185.18,0.112637,59209.71,0.009992,59183.33,0.540946,59210.11,0.388566,59178.51,0.259508,59214.73,0.291465,59178.5,0.0074,59217.91,0.17054,59177.51,0.145,59220.0,0.416848,59175.85,0.422614,59220.65,0.145,59175.01,0.008446,59221.87,0.008445,59173.85,0.001735,59227.65,0.221213,59171.43,0.145,59227.66,0.145,59169.89,0.506622,59227.8,2.133948,2024-07-13 23:59:48.518000
127,59199.71,0.323783,58807.05,0.541959,59196.77,0.000539,59199.72,0.178784,59196.32,0.0629,59201.51,0.021477,59196.28,0.2,59205.34,0.070664,59196.27,0.161891,59205.35,0.2,59192.62,0.145,59205.45,0.422614,59192.24,0.005244,59205.78,0.112637,59187.8,0.388566,59206.86,0.005054,59187.2,0.017001,59207.58,0.145,59185.64,0.145,59209.68,0.540946,59185.18,0.112637,59209.71,0.009992,59183.33,0.540946,59210.11,0.388566,59178.51,0.259508,59214.73,0.291465,59178.5,0.0074,59217.91,0.17054,59177.51,0.145,59220.0,0.416848,59175.85,0.422614,59220.65,0.145,59175.01,0.008446,59221.87,0.008445,59173.85,0.001735,59227.65,0.221213,59171.43,0.145,59227.66,0.145,59169.89,0.506622,59227.8,2.133948,2024-07-13 23:59:48.637000
128,59199.71,0.29,58807.05,0.541959,59196.77,0.000539,59201.51,0.021477,59196.32,0.0629,59205.34,0.070664,59196.28,0.2,59205.35,0.2,59196.27,0.161891,59205.45,0.422614,59192.62,0.145,59205.78,0.112637,59192.24,0.005244,59206.86,0.005054,59187.8,0.388566,59207.58,0.145,59187.2,0.017001,59209.68,0.540946,59185.64,0.145,59209.71,0.009992,59185.18,0.112637,59210.11,0.388566,59183.33,0.540946,59214.73,0.291465,59178.5,0.0074,59217.91,0.17054,59177.51,0.145,59220.0,0.416848,59175.85,0.422614,59220.65,0.145,59175.01,0.008446,59221.87,0.008445,59173.85,0.001735,59227.65,0.221213,59171.43,0.145,59227.66,0.145,59169.89,0.506622,59227.8,2.133948,59169.24,0.564887,59229.5,0.599093,2024-07-13 23:59:48.703000
129,59199.71,0.323783,58807.05,0.541959,59196.77,0.000539,59199.72,0.033783,59196.32,0.0629,59205.33,0.2,59196.28,0.2,59205.34,0.070664,59196.27,0.161891,59205.35,0.2,59192.62,0.145,59205.45,0.422614,59192.24,0.005244,59205.78,0.112637,59187.8,0.388566,59206.86,0.005054,59187.2,0.017001,59207.58,0.145,59185.65,0.210189,59209.68,0.540946,59185.64,0.145,59209.71,0.009992,59185.18,0.112637,59210.11,0.388566,59183.33,0.540946,59214.73,0.291465,59178.5,0.0074,59217.91,0.17054,59177.51,0.145,59220.0,0.416848,59175.85,0.422614,59220.65,0.145,59175.01,0.008446,59221.87,0.008445,59173.85,0.001735,59227.66,0.145,59171.43,0.145,59227.8,2.133948,59169.89,0.506622,59229.5,0.599093,2024-07-13 23:59:48.802000
130,59205.31,0.016889,58807.05,0.541959,59199.71,0.29,59205.32,0.378782,59196.77,0.000539,59205.34,0.070664,59196.28,0.2,59205.35,0.2,59196.27,0.145,59205.45,0.422614,59192.62,0.145,59205.78,0.112637,59192.24,0.005244,59206.86,0.005054,59187.8,0.388566,59207.58,0.145,59187.2,0.017001,59209.68,0.540946,59185.65,0.210189,59209.71,0.009992,59185.64,0.145,59210.11,0.388566,59185.18,0.112637,59214.73,0.291465,59183.33,0.540946,59217.91,0.17054,59178.5,0.0074,59220.0,0.416848,59177.51,0.145,59220.65,0.145,59175.85,0.422614,59221.87,0.008445,59175.01,0.008446,59227.66,0.145,59173.85,0.001735,59227.8,2.133948,59171.43,0.145,59229.5,0.599093,59169.89,0.506622,59230.05,0.004217,2024-07-13 23:59:48.903000
131,59205.31,0.195669,58807.05,0.541959,59199.71,0.29,59205.32,0.233782,59196.77,0.000539,59205.34,0.070664,59196.28,0.2,59205.78,0.112637,59192.62,0.145,59206.86,0.005054,59192.24,0.005244,59209.71,0.009992,59187.2,0.017001,59210.11,0.388566,59185.65,0.210189,59214.73,0.291465,59185.64,0.145,59217.91,0.17054,59185.18,0.112637,59220.0,0.416848,59183.33,0.540946,59220.65,0.145,59178.5,0.0074,59221.87,0.008445,59177.51,0.145,59221.91,0.540614,59176.35,0.0121,59225.43,0.422355,59175.85,0.422614,59227.66,0.145,59173.85,0.001735,59227.8,2.133948,59171.43,0.145,59229.5,0.599093,59169.89,0.506622,59230.05,0.004217,59167.32,0.000844,59230.06,0.506632,59167.15,0.015644,59231.8,0.17054,2024-07-13 23:59:49.002000
132,59205.77,0.38668,58807.05,0.541959,59205.31,0.161889,59205.78,0.112637,59199.72,0.112498,59206.86,0.005054,59199.71,0.29,59209.7,0.070664,59196.77,0.000539,59209.71,0.009992,59196.28,0.2,59211.8,0.388566,59195.18,0.388566,59214.73,0.291465,59192.63,0.220596,59217.91,0.17054,59192.62,0.145,59220.0,0.416848,59192.24,0.005244,59220.65,0.145,59187.2,0.017001,59221.87,0.008445,59185.64,0.145,59221.91,0.540614,59185.18,0.112637,59225.43,0.422355,59183.33,0.540946,59227.66,0.145,59180.58,0.008444,59227.8,2.133948,59178.5,0.0074,59229.5,0.599093,59177.51,0.145,59230.05,0.004217,59176.36,0.002751,59230.06,0.506632,59175.85,0.422614,59231.8,0.17054,59174.26,0.564824,59234.08,0.145,2024-07-13 23:59:49.102000
133,59209.69,0.161888,58807.05,0.541959,59208.98,0.0629,59209.7,0.304442,59208.73,0.145,59209.71,0.009992,59205.77,0.145,59210.98,0.112638,59199.72,0.112498,59211.8,0.388566,59199.71,0.145,59214.73,0.291465,59196.77,0.000539,59217.91,0.17054,59196.28,0.2,59220.0,0.416848,59195.18,0.388566,59220.65,0.145,59193.02,0.112638,59221.87,0.008445,59192.63,0.220596,59221.91,0.540614,59192.62,0.145,59225.43,0.422355,59187.2,0.017001,59227.66,0.145,59185.64,0.145,59227.8,2.133948,59183.33,0.540946,59229.5,0.599093,59180.58,0.008444,59230.05,0.004217,59178.5,0.0074,59230.06,0.506632,59177.51,0.145,59231.8,0.17054,59175.85,0.422614,59234.08,0.145,59174.26,0.564824,59239.99,0.264022,2024-07-13 23:59:49.202000
134,59209.69,0.161888,58807.05,0.541959,59208.73,0.145,59209.7,0.233778,59205.77,0.145,59209.71,0.009992,59199.72,0.112498,59210.97,0.070664,59199.71,0.145,59210.98,0.112638,59196.77,0.000539,59211.8,0.388566,59196.28,0.2,59214.73,0.291465,59195.18,0.388566,59217.91,0.17054,59193.02,0.112638,59220.0,0.416848,59192.63,0.220596,59220.65,0.145,59192.62,0.145,59221.91,0.540614,59187.2,0.017001,59225.43,0.422355,59185.92,0.008444,59226.55,0.008444,59185.64,0.145,59227.66,0.145,59183.33,0.540946,59227.8,2.133948,59180.14,0.564806,59229.5,0.599093,59178.5,0.0074,59230.05,0.004217,59177.51,0.145,59230.06,0.506632,59175.85,0.422614,59231.8,0.17054,59173.85,0.001735,59234.08,0.145,2024-07-13 23:59:49.335000
135,59209.69,0.161888,58807.05,0.541959,59208.73,0.145,59209.7,0.233778,59205.77,0.145,59209.71,0.009992,59199.72,0.112498,59210.97,0.070664,59199.71,0.145,59210.98,0.112638,59196.77,0.000539,59211.8,0.388566,59196.28,0.2,59214.73,0.291465,59195.18,0.388566,59217.91,0.17054,59193.02,0.112638,59220.0,0.416848,59192.63,0.220596,59220.65,0.145,59192.62,0.145,59221.91,0.540614,59187.2,0.017001,59225.43,0.422355,59185.92,0.008444,59226.55,0.008444,59185.64,0.145,59227.66,0.145,59183.33,0.540946,59227.8,2.133948,59180.14,0.564806,59229.5,0.599093,59178.5,0.0074,59230.05,0.004217,59177.51,0.145,59230.06,0.506632,59175.85,0.422614,59231.8,0.17054,59173.85,0.001735,59234.08,0.145,2024-07-13 23:59:49.462000
136,59209.69,0.161888,58807.05,0.541959,59208.73,0.145,59209.7,0.233778,59205.77,0.145,59209.71,0.009992,59199.72,0.112498,59210.97,0.070664,59199.71,0.145,59210.98,0.112638,59196.77,0.000539,59211.8,0.388566,59196.28,0.2,59214.73,0.291465,59195.18,0.388566,59217.91,0.17054,59193.02,0.112638,59220.0,0.416848,59192.63,0.220596,59220.65,0.145,59192.62,0.145,59221.91,0.540614,59187.2,0.017001,59225.43,0.422355,59185.92,0.008444,59226.55,0.008444,59185.64,0.145,59227.66,0.145,59183.33,0.540946,59227.8,2.133948,59180.14,0.564806,59229.5,0.599093,59178.5,0.0074,59230.05,0.004217,59177.51,0.145,59230.06,0.506632,59175.85,0.422614,59231.8,0.17054,59173.85,0.001735,59234.08,0.145,2024-07-13 23:59:49.526000
137,59209.69,0.161888,58807.05,0.541959,59208.73,0.145,59209.7,0.233778,59205.77,0.145,59209.71,0.009992,59199.72,0.112498,59210.97,0.070664,59199.71,0.145,59210.98,0.112638,59196.77,0.000539,59211.8,0.388566,59196.28,0.2,59214.73,0.291465,59195.18,0.388566,59217.91,0.17054,59193.02,0.112638,59220.0,0.416848,59192.63,0.220596,59220.65,0.145,59192.62,0.145,59221.91,0.540614,59187.2,0.017001,59225.43,0.422355,59185.92,0.008444,59226.55,0.008444,59185.64,0.145,59227.66,0.145,59183.33,0.540946,59227.8,2.133948,59180.14,0.564806,59229.5,0.599093,59178.5,0.0074,59230.05,0.004217,59177.51,0.145,59230.06,0.506632,59175.85,0.422614,59231.8,0.17054,59173.85,0.001735,59234.08,0.145,2024-07-13 23:59:49.611000
138,59209.69,0.016888,58807.05,0.541959,59208.73,0.145,59209.7,0.378778,59205.77,0.145,59209.71,0.009992,59199.93,0.005055,59210.97,0.070664,59199.72,0.112498,59210.98,0.112638,59199.71,0.145,59211.8,0.388566,59196.77,0.000539,59214.42,0.005097,59196.28,0.2,59214.73,0.291465,59195.18,0.388566,59217.91,0.17054,59193.02,0.112638,59220.0,0.416848,59192.63,0.220596,59220.65,0.145,59192.62,0.145,59221.91,0.540614,59187.2,0.017001,59225.43,0.422355,59185.92,0.008444,59226.55,0.008444,59185.64,0.145,59227.66,0.145,59183.33,0.540946,59227.8,2.133948,59180.14,0.564806,59229.5,0.599093,59178.5,0.0074,59230.05,0.004217,59177.51,0.145,59230.06,0.506632,59175.85,0.422614,59231.8,0.17054,2024-07-13 23:59:49.865000
