,bid_prc1,bid_vol1,ask_prc1,ask_vol1,bid_prc2,bid_vol2,ask_prc2,ask_vol2,bid_prc3,bid_vol3,ask_prc3,ask_vol3,bid_prc4,bid_vol4,ask_prc4,ask_vol4,bid_prc5,bid_vol5,ask_prc5,ask_vol5,bid_prc6,bid_vol6,ask_prc6,ask_vol6,bid_prc7,bid_vol7,ask_prc7,ask_vol7,bid_prc8,bid_vol8,ask_prc8,ask_vol8,bid_prc9,bid_vol9,ask_prc9,ask_vol9,bid_prc10,bid_vol10,ask_prc10,ask_vol10,bid_prc11,bid_vol11,ask_prc11,ask_vol11,bid_prc12,bid_vol12,ask_prc12,ask_vol12,bid_prc13,bid_vol13,ask_prc13,ask_vol13,bid_prc14,bid_vol14,ask_prc14,ask_vol14,bid_prc15,bid_vol15,ask_prc15,ask_vol15,bid_prc16,bid_vol16,ask_prc16,ask_vol16,bid_prc17,bid_vol17,ask_prc17,ask_vol17,bid_prc18,bid_vol18,ask_prc18,ask_vol18,bid_prc19,bid_vol19,ask_prc19,ask_vol19,bid_prc20,bid_vol20,ask_prc20,ask_vol20,date
0,59199.87,1.9215,59199.88,4.42224,59199.83,9e-05,59200.0,0.08318,59199.19,0.00018,59200.2,0.00169,59199.07,0.05577,59201.37,0.086,59198.08,0.00043,59201.38,0.14322,59198.01,0.14191,59201.39,0.00169,59198.0,0.123,59202.0,0.083,59197.99,0.0001,59202.24,0.04223,59197.83,0.23643,59202.53,0.0761,59197.81,0.04886,59202.57,0.00169,59197.51,0.04224,59202.62,0.0763,59196.77,0.04693,59202.85,0.00016,59196.19,0.1359,59203.76,0.00169,59196.0,0.083,59204.0,0.083,59195.56,0.05607,59204.21,0.2364,59195.44,0.1126,59204.94,0.00169,59195.09,0.04222,59205.12,0.00018,59195.05,0.06442,59205.39,0.00013,59194.63,0.0034,59205.59,0.17554,59194.08,0.00018,59205.65,0.29241,2024-07-13 23:59:33.945000
1,59199.87,1.9215,59199.88,4.46489,59199.81,9e-05,59200.0,0.08318,59199.19,0.00018,59200.2,0.00169,59199.07,0.05577,59201.37,0.086,59198.08,0.00043,59201.38,0.14322,59198.01,0.14191,59201.39,0.00169,59198.0,0.123,59202.0,0.083,59197.99,0.0001,59202.24,0.04223,59197.83,0.23643,59202.53,0.0761,59197.81,0.04886,59202.57,0.00169,59197.51,0.04224,59202.62,0.0763,59196.77,0.04693,59202.85,0.00016,59196.19,0.04983,59203.76,0.00169,59196.0,0.083,59204.0,0.083,59195.56,0.05607,59204.21,0.2364,59195.44,0.1126,59204.94,0.00169,59195.09,0.04222,59205.12,0.00018,59195.05,0.06442,59205.39,0.00013,59194.63,0.0034,59205.59,0.17554,59194.08,0.00018,59205.65,0.29241,2024-07-13 23:59:34.045000
2,59199.87,1.9215,59199.88,3.86025,59199.79,9e-05,59200.0,0.08318,59199.19,0.00018,59200.2,0.00169,59198.08,0.00043,59201.37,0.086,59198.01,0.14191,59201.38,0.14322,59198.0,0.083,59201.39,0.00169,59197.99,0.0001,59202.0,0.083,59197.83,0.23643,59202.24,0.04223,59197.81,0.04886,59202.53,0.0761,59197.51,0.04224,59202.57,0.00169,59196.77,0.04693,59202.62,0.0763,59196.19,0.04983,59202.85,0.00016,59196.0,0.083,59203.76,0.00169,59195.56,0.05607,59204.0,0.083,59195.44,0.1126,59204.21,0.2364,59195.09,0.04222,59204.94,0.00169,59195.05,0.06442,59205.12,0.00018,59194.63,0.0034,59205.39,0.00013,59194.6,0.04,59205.59,0.17554,59194.08,0.00018,59205.65,0.29241,2024-07-13 23:59:34.145000
3,59199.87,1.9215,59199.88,3.86025,59199.19,0.00018,59200.0,0.08318,59199.17,9e-05,59200.2,0.00169,59198.08,0.00043,59201.37,0.086,59198.01,0.14191,59201.38,0.14322,59198.0,0.083,59201.39,0.00169,59197.99,0.0001,59202.0,0.083,59197.83,0.23643,59202.24,0.04223,59197.81,0.04886,59202.53,0.0761,59197.51,0.04224,59202.57,0.00169,59196.77,0.04693,59202.62,0.0763,59196.19,0.04983,59202.85,0.00016,59196.0,0.083,59203.76,0.00169,59195.56,0.05607,59204.0,0.083,59195.44,0.1126,59204.21,0.2364,59195.09,0.04222,59204.94,0.00169,59195.05,0.06442,59205.12,0.00018,59194.63,0.0034,59205.39,0.00013,59194.6,0.04,59205.59,0.17554,59194.08,0.00018,59205.65,0.29241,2024-07-13 23:59:34.245000
4,59199.87,1.9215,59199.88,3.86025,59199.19,0.00018,59200.0,0.08318,59199.13,9e-05,59200.2,0.00169,59198.08,0.00043,59201.37,0.086,59198.0,0.083,59201.38,0.14322,59197.99,0.0001,59201.39,0.00169,59197.83,0.23643,59202.0,0.083,59197.81,0.04886,59202.24,0.04223,59197.51,0.04224,59202.53,0.0761,59196.77,0.04693,59202.57,0.00169,59196.19,0.04983,59202.62,0.0763,59196.0,0.083,59202.85,0.00016,59195.56,0.05607,59203.76,0.00169,59195.44,0.1126,59204.0,0.083,59195.05,0.06442,59204.21,0.2364,59194.63,0.0034,59204.94,0.00169,59194.08,0.00018,59205.12,0.00018,59194.0,0.083,59205.39,0.00013,59193.86,0.22507,59205.59,0.17554,59193.73,0.04222,59205.65,0.29241,2024-07-13 23:59:34.345000
5,59199.87,1.9215,59199.88,3.86031,59199.19,0.00018,59200.0,0.08318,59199.1,9e-05,59200.2,0.00169,59198.94,0.05804,59201.37,0.086,59198.09,0.00065,59201.38,0.14322,59198.08,0.00043,59201.39,0.00169,59198.0,0.083,59202.0,0.083,59197.99,0.0001,59202.24,0.04223,59197.83,0.23643,59202.53,0.0761,59197.81,0.04886,59202.57,0.00169,59197.51,0.04224,59202.62,0.0763,59196.77,0.04693,59202.85,0.00016,59196.19,0.04983,59203.76,0.00169,59196.0,0.083,59204.0,0.083,59195.56,0.05607,59204.21,0.2364,59195.44,0.1126,59204.94,0.00169,59195.05,0.06442,59205.12,0.00018,59194.63,0.0034,59205.39,0.00013,59194.08,0.00018,59205.59,0.17554,59194.0,0.083,59205.65,0.29241,2024-07-13 23:59:34.445000
6,59199.87,1.9215,59199.88,3.86031,59199.19,0.00018,59200.0,0.08318,59199.18,9e-05,59200.2,0.00169,59198.08,0.00043,59201.37,0.086,59198.0,0.083,59201.38,0.14322,59197.99,0.0001,59201.39,0.00169,59197.83,0.23643,59202.0,0.083,59197.81,0.04886,59202.24,0.04223,59197.51,0.04224,59202.53,0.0761,59196.77,0.04693,59202.57,0.00169,59196.19,0.04983,59202.62,0.0763,59196.0,0.083,59202.85,0.05133,59195.56,0.05607,59203.76,0.00169,59195.44,0.1126,59204.0,0.083,59194.63,0.0034,59204.21,0.2364,59194.08,0.00018,59204.94,0.00169,59194.0,0.083,59205.12,0.00018,59193.86,0.22507,59205.39,0.00013,59193.73,0.04222,59205.59,0.17554,59193.11,0.00169,59205.65,0.29241,2024-07-13 23:59:34.545000
7,59199.87,1.9215,59199.88,3.86031,59199.19,0.00018,59200.0,0.08318,59199.15,9e-05,59200.2,0.00169,59198.08,0.00043,59201.37,0.086,59198.0,0.083,59201.38,0.14322,59197.99,0.0001,59201.39,0.00169,59197.83,0.23643,59202.0,0.083,59197.81,0.04886,59202.24,0.04223,59197.51,0.04224,59202.53,0.0761,59196.77,0.04693,59202.57,0.00169,59196.19,0.04983,59202.62,0.0763,59196.0,0.083,59202.85,0.05133,59195.56,0.05607,59203.76,0.00169,59195.44,0.1126,59204.0,0.083,59194.63,0.0034,59204.21,0.2364,59194.08,0.00018,59204.94,0.00169,59194.0,0.083,59205.12,0.00018,59193.86,0.22507,59205.39,0.00013,59193.73,0.04222,59205.59,0.17554,59193.11,0.00169,59205.65,0.29241,2024-07-13 23:59:34.645000
8,59199.87,1.9215,59199.88,3.86031,59199.19,0.00018,59200.0,0.08318,59199.11,9e-05,59200.2,0.00169,59198.75,0.05727,59201.37,0.086,59198.08,0.00043,59201.38,0.14322,59198.0,0.083,59201.39,0.00169,59197.99,0.0001,59202.0,0.083,59197.83,0.23643,59202.24,0.04223,59197.81,0.04886,59202.53,0.0761,59197.51,0.04224,59202.57,0.00169,59196.77,0.04693,59202.62,0.0763,59196.19,0.04983,59202.85,0.05133,59196.0,0.083,59203.66,0.05667,59195.56,0.05607,59203.76,0.00169,59195.44,0.1126,59204.0,0.083,59194.63,0.0034,59204.21,0.2364,59194.61,0.06402,59204.94,0.00169,59194.08,0.00018,59205.12,0.00018,59194.0,0.083,59205.39,0.00013,59193.86,0.22507,59205.59,0.17554,2024-07-13 23:59:34.745000
9,59199.87,1.91991,59199.88,3.8604,59199.19,0.00018,59200.0,0.08318,59199.18,9e-05,59200.2,0.00169,59198.76,0.00219,59201.37,0.086,59198.75,0.05727,59201.38,0.14322,59198.74,9e-05,59201.39,0.00169,59198.08,0.00043,59202.0,0.083,59198.0,0.083,59202.24,0.04223,59197.99,0.0001,59202.53,0.0761,59197.83,0.23643,59202.57,0.00169,59197.81,0.04886,59202.62,0.0763,59197.51,0.04224,59202.85,0.05133,59196.77,0.04693,59203.66,0.05667,59196.19,0.04983,59203.76,0.00169,59196.0,0.083,59204.0,0.083,59195.56,0.05607,59204.21,0.2364,59195.44,0.1126,59204.94,0.00169,59194.63,0.0034,59205.12,0.00018,59194.61,0.06402,59205.39,0.00013,59194.08,0.00018,59205.59,0.17554,2024-07-13 23:59:34.845000
10,59199.87,1.91991,59199.88,3.8604,59199.19,0.00018,59200.0,0.08318,59199.16,9e-05,59200.2,0.00169,59198.76,0.00219,59201.37,0.086,59198.08,0.00043,59201.38,0.14322,59198.0,0.083,59201.39,0.00169,59197.99,0.0001,59202.0,0.083,59197.83,0.23643,59202.24,0.04223,59197.81,0.04886,59202.53,0.0761,59197.51,0.04224,59202.57,0.00169,59196.77,0.04693,59202.62,0.0763,59196.19,0.04983,59202.85,0.05133,59196.0,0.083,59203.66,0.05667,59195.56,0.05607,59203.76,0.00169,59195.44,0.1126,59204.0,0.083,59194.63,0.0034,59204.21,0.2364,59194.08,0.00018,59204.94,0.00169,59194.0,0.083,59205.12,0.00018,59193.86,0.22507,59205.39,0.00013,59193.73,0.04222,59205.59,0.17554,2024-07-13 23:59:34.946000
11,59199.87,1.91991,59199.88,3.8604,59199.19,0.00018,59200.0,0.08318,59199.17,9e-05,59200.2,0.00169,59198.09,0.00221,59201.37,0.086,59198.08,0.00043,59201.38,0.14322,59198.0,0.083,59201.39,0.00169,59197.99,0.0001,59202.0,0.083,59197.83,0.23643,59202.24,0.04223,59197.81,0.04886,59202.53,0.0761,59197.51,0.04224,59202.57,0.00169,59196.77,0.04693,59202.62,0.0763,59196.19,0.04983,59202.85,0.00016,59196.0,0.083,59203.66,0.05667,59195.56,0.05607,59203.76,0.00169,59195.44,0.1126,59204.0,0.083,59194.63,0.0034,59204.21,0.2364,59194.36,0.06475,59204.94,0.00169,59194.08,0.00018,59205.12,0.00018,59194.0,0.083,59205.39,0.00013,59193.86,0.22507,59205.59,0.17554,2024-07-13 23:59:35.046000
12,59199.87,1.91991,59199.88,3.8604,59199.19,0.00018,59200.0,0.08318,59199.18,9e-05,59200.2,0.00169,59198.08,0.00052,59201.37,0.086,59198.0,0.083,59201.38,0.14322,59197.99,0.0001,59201.39,0.00169,59197.83,0.23643,59202.0,0.083,59197.81,0.04886,59202.24,0.04223,59197.51,0.04224,59202.53,0.0761,59196.77,0.04693,59202.57,0.00169,59196.19,0.04983,59202.62,0.0763,59196.0,0.083,59202.85,0.00016,59195.56,0.05607,59203.66,0.05667,59195.44,0.1126,59203.76,0.00169,59194.63,0.0034,59204.0,0.083,59194.08,0.00018,59204.21,0.2364,59194.07,0.06496,59204.94,0.00169,59194.0,0.083,59205.12,0.00018,59193.86,0.22507,59205.39,0.00013,59193.73,0.04222,59205.59,0.17554,2024-07-13 23:59:35.146000
13,59199.87,1.91991,59199.88,3.8604,59199.19,0.00018,59200.0,0.08318,59199.15,9e-05,59200.2,0.00169,59198.08,0.00043,59201.37,0.086,59198.0,0.083,59201.38,0.14322,59197.99,0.0001,59201.39,0.00169,59197.83,0.23643,59202.0,0.083,59197.81,0.04886,59202.24,0.04223,59197.51,0.04224,59202.53,0.0761,59196.77,0.04693,59202.57,0.00169,59196.19,0.04983,59202.62,0.0763,59196.0,0.083,59202.85,0.00016,59195.56,0.05607,59203.66,0.05667,59195.44,0.1126,59203.76,0.00169,59194.63,0.0034,59204.0,0.083,59194.08,0.00018,59204.21,0.2364,59194.07,0.06496,59204.94,0.00169,59194.0,0.083,59205.12,0.00018,59193.86,0.22507,59205.39,0.00013,59193.73,0.04222,59205.59,0.17554,2024-07-13 23:59:35.246000
14,59199.87,1.91991,59199.88,3.8604,59199.19,0.00018,59200.0,0.08318,59199.11,9e-05,59200.2,0.00169,59198.08,0.00043,59201.37,0.086,59198.0,0.083,59201.38,0.14322,59197.99,0.0001,59201.39,0.00169,59197.83,0.23643,59202.0,0.083,59197.81,0.04886,59202.24,0.04223,59197.51,0.04224,59202.53,0.0761,59196.77,0.04693,59202.57,0.00169,59196.19,0.04983,59202.62,0.0763,59196.0,0.083,59202.85,0.00016,59195.56,0.05607,59203.66,0.05667,59195.44,0.1126,59203.76,0.00169,59194.63,0.0034,59204.0,0.083,59194.08,0.00018,59204.21,0.2364,59194.07,0.06496,59204.94,0.00169,59194.0,0.083,59205.12,0.00018,59193.86,0.22507,59205.39,0.00013,59193.73,0.04222,59205.59,0.17554,2024-07-13 23:59:35.346000
15,59199.87,1.91991,59199.88,3.8604,59199.19,0.00018,59200.0,0.08318,59199.08,9e-05,59200.2,0.00169,59198.08,0.00043,59201.37,0.086,59198.0,0.083,59201.38,0.14322,59197.99,0.0001,59201.39,0.00169,59197.83,0.23643,59202.0,0.083,59197.81,0.04886,59202.24,0.04223,59197.51,0.04224,59202.53,0.0761,59196.77,0.04693,59202.57,0.00169,59196.19,0.04983,59202.62,0.0763,59196.0,0.083,59202.85,0.00016,59195.56,0.05607,59203.66,0.05667,59195.44,0.1126,59203.76,0.00169,59194.63,0.0034,59204.0,0.083,59194.08,0.00018,59204.21,0.2364,59194.07,0.06496,59204.94,0.00169,59194.0,0.083,59205.12,0.00018,59193.86,0.22507,59205.39,0.00013,59193.73,0.04222,59205.59,0.17554,2024-07-13 23:59:35.446000
16,59199.87,1.91991,59199.88,3.8604,59199.19,0.00018,59200.0,0.08318,59199.05,9e-05,59200.2,0.00169,59198.08,0.00043,59201.37,0.086,59198.0,0.083,59201.38,0.14322,59197.99,0.0001,59201.39,0.00169,59197.83,0.23643,59202.0,0.083,59197.81,0.04886,59202.24,0.04223,59197.51,0.04224,59202.53,0.0761,59196.77,0.04693,59202.57,0.00169,59196.19,0.04983,59202.62,0.0763,59196.0,0.083,59202.85,0.00016,59195.56,0.05607,59203.66,0.05667,59195.44,0.1126,59203.76,0.00169,59194.63,0.0034,59204.0,0.083,59194.08,0.00018,59204.21,0.2364,59194.07,0.06496,59204.94,0.00169,59194.0,0.083,59205.12,0.00018,59193.86,0.22507,59205.39,0.00013,59193.73,0.04222,59205.59,0.17554,2024-07-13 23:59:35.546000
17,59199.87,1.23711,59199.88,3.89159,59199.19,0.00018,59200.0,0.08318,59199.03,9e-05,59200.2,0.00169,59198.08,0.00043,59201.37,0.086,59198.0,0.083,59201.38,0.14322,59197.99,0.0001,59201.39,0.00169,59197.83,0.23643,59202.0,0.083,59197.81,0.04886,59202.24,0.04223,59197.51,0.04224,59202.53,0.0761,59196.77,0.04693,59202.57,0.00169,59196.19,0.04983,59202.62,0.0763,59196.0,0.083,59202.85,0.00016,59195.56,0.05607,59203.66,0.05667,59195.44,0.1126,59203.76,0.00169,59194.63,0.0034,59204.0,0.083,59194.08,0.00018,59204.21,0.2364,59194.07,0.06496,59204.94,0.00169,59194.0,0.083,59205.12,0.00018,59193.86,0.22507,59205.39,0.00013,59193.73,0.04222,59205.59,0.17554,2024-07-13 23:59:35.646000
18,59199.87,1.23061,59199.88,3.89159,59199.19,0.00018,59200.0,0.08318,59198.99,9e-05,59200.2,0.00169,59198.08,0.00043,59201.37,0.086,59198.0,0.083,59201.38,0.14322,59197.99,0.0001,59201.39,0.00169,59197.83,0.23643,59201.76,0.23641,59197.81,0.04886,59202.0,0.083,59197.51,0.04224,59202.23,0.05117,59196.77,0.04693,59202.24,0.04223,59196.19,0.04983,59202.53,0.0761,59196.0,0.083,59202.57,0.00169,59195.56,0.05607,59202.62,0.0763,59195.44,0.1126,59202.85,0.00016,59194.63,0.0034,59203.6,0.05117,59194.08,0.00018,59203.66,0.05667,59194.0,0.083,59203.76,0.00169,59193.86,0.22507,59204.0,0.083,59193.73,0.04222,59204.94,0.00169,59193.11,0.00169,59205.12,0.00018,2024-07-13 23:59:35.746000
19,59199.87,1.23061,59199.88,3.89155,59199.19,0.00018,59200.0,0.08318,59198.96,9e-05,59200.2,0.00169,59198.08,0.00043,59201.37,0.13115,59198.0,0.083,59201.38,0.14322,59197.99,0.0001,59201.39,0.00169,59197.83,0.23643,59201.76,0.23641,59197.81,0.04886,59202.0,0.083,59197.51,0.04224,59202.23,0.05117,59196.77,0.04693,59202.24,0.04223,59196.19,0.04983,59202.53,0.0761,59196.0,0.083,59202.57,0.00169,59195.56,0.05607,59202.62,0.0763,59195.44,0.1126,59202.85,0.00016,59194.63,0.0034,59203.6,0.05117,59194.08,0.00018,59203.66,0.05667,59194.0,0.083,59203.76,0.00169,59193.86,0.22507,59204.0,0.083,59193.73,0.04222,59204.94,0.00169,59193.11,0.00169,59205.12,0.00018,2024-07-13 23:59:35.846000
20,59199.87,1.23061,59199.88,3.89155,59199.19,0.00018,59200.0,0.08318,59199.0,0.00037,59200.2,0.00169,59198.93,9e-05,59201.37,0.13115,59198.08,0.00043,59201.38,0.14322,59198.0,0.083,59201.39,0.00169,59197.99,0.0001,59201.76,0.23641,59197.83,0.23643,59202.0,0.083,59197.81,0.04886,59202.23,0.05117,59197.51,0.04224,59202.24,0.04223,59196.77,0.04693,59202.53,0.0761,59196.19,0.04983,59202.57,0.00169,59196.0,0.083,59202.62,0.0763,59195.56,0.05607,59202.85,0.00016,59195.44,0.1126,59203.6,0.05117,59194.63,0.0034,59203.66,0.05667,59194.08,0.00018,59203.76,0.00169,59194.0,0.083,59204.0,0.083,59193.86,0.22507,59204.94,0.00169,59193.73,0.04222,59205.12,0.00018,2024-07-13 23:59:35.946000
21,59199.87,1.22299,59199.88,3.89155,59199.19,0.00018,59200.0,0.08318,59199.0,0.00037,59200.2,0.00169,59198.9,9e-05,59201.37,0.13115,59198.08,0.00043,59201.38,0.14322,59198.0,0.083,59201.39,0.00169,59197.99,0.0001,59201.76,0.23641,59197.83,0.23643,59202.0,0.083,59197.81,0.04886,59202.23,0.05117,59197.51,0.04224,59202.24,0.04223,59196.77,0.04693,59202.53,0.0761,59196.19,0.04983,59202.57,0.00169,59196.0,0.083,59202.62,0.0763,59195.56,0.05607,59202.85,0.00016,59195.44,0.1126,59203.6,0.05117,59194.63,0.0034,59203.66,0.05667,59194.08,0.00018,59203.76,0.00169,59194.0,0.083,59204.0,0.083,59193.86,0.22507,59204.94,0.00169,59193.73,0.04222,59205.12,0.00018,2024-07-13 23:59:36.046000
22,59199.87,1.22299,59199.88,3.89155,59199.19,0.00018,59200.0,0.08318,59199.0,0.00037,59200.05,0.05117,59198.87,9e-05,59200.2,0.00169,59198.08,0.00043,59201.37,0.13115,59198.0,0.083,59201.38,0.14322,59197.99,0.0001,59201.39,0.00169,59197.83,0.23643,59201.76,0.23641,59197.81,0.04886,59202.0,0.083,59197.51,0.04224,59202.23,0.05117,59196.77,0.04693,59202.24,0.04223,59196.19,0.04983,59202.53,0.0761,59196.0,0.083,59202.57,0.00169,59195.56,0.05607,59202.62,0.0763,59195.44,0.1126,59202.85,0.00016,59194.63,0.0034,59203.2,0.06401,59194.08,0.00018,59203.6,0.05117,59194.0,0.083,59203.66,0.05667,59193.86,0.22507,59203.76,0.00169,59193.11,0.00169,59204.0,0.083,2024-07-13 23:59:36.146000
23,59199.87,1.22299,59199.88,3.94842,59199.19,0.00018,59200.0,0.08318,59199.0,0.00037,59200.05,0.05117,59198.84,9e-05,59200.2,0.00169,59198.08,0.00043,59201.37,0.13115,59198.0,0.083,59201.38,0.14322,59197.99,0.0001,59201.39,0.00169,59197.83,0.23643,59201.76,0.23641,59197.81,0.04886,59202.0,0.083,59197.51,0.04224,59202.23,0.05117,59196.77,0.04693,59202.24,0.04223,59196.19,0.04983,59202.53,0.0761,59196.0,0.083,59202.57,0.00169,59195.56,0.05607,59202.62,0.0763,59195.44,0.1126,59202.85,0.00016,59194.63,0.0034,59203.2,0.06401,59194.08,0.00018,59203.6,0.05117,59194.0,0.083,59203.66,0.05667,59193.86,0.22507,59203.76,0.00169,59193.11,0.00169,59204.0,0.083,2024-07-13 23:59:36.246000
24,59199.87,1.21098,59199.88,3.94842,59199.19,0.00018,59200.0,0.08318,59198.97,9e-05,59200.05,0.05117,59198.85,0.00838,59200.2,0.00169,59198.08,0.00043,59201.37,0.13115,59198.0,0.083,59201.38,0.14322,59197.99,0.0001,59201.39,0.00169,59197.83,0.23643,59201.76,0.23641,59197.81,0.04886,59202.0,0.083,59197.51,0.04224,59202.23,0.05117,59196.77,0.04693,59202.24,0.04223,59196.19,0.04983,59202.53,0.0761,59196.0,0.083,59202.57,0.00169,59195.56,0.05607,59202.62,0.0763,59195.44,0.1126,59202.85,0.00016,59194.63,0.0034,59203.2,0.06401,59194.08,0.00018,59203.6,0.05117,59194.0,0.083,59203.66,0.05667,59193.86,0.22507,59203.76,0.00169,59193.11,0.00169,59204.0,0.083,2024-07-13 23:59:36.346000
25,59199.87,1.21098,59199.88,3.94842,59199.19,0.00018,59200.0,0.08318,59199.17,9e-05,59200.05,0.05117,59198.08,0.00043,59200.2,0.00169,59198.0,0.083,59201.37,0.13115,59197.99,0.0001,59201.38,0.14322,59197.83,0.23643,59201.39,0.00169,59197.81,0.04886,59201.76,0.23641,59197.51,0.04224,59202.0,0.083,59196.77,0.04693,59202.23,0.05117,59196.19,0.04983,59202.24,0.04223,59196.0,0.083,59202.53,0.0761,59195.56,0.05607,59202.57,0.00169,59195.44,0.1126,59202.62,0.0763,59194.63,0.0034,59202.85,0.00016,59194.08,0.00018,59203.2,0.06401,59194.0,0.083,59203.6,0.05117,59193.86,0.22507,59203.66,0.05667,59193.11,0.00169,59203.76,0.00169,59192.7,0.04,59204.0,0.083,2024-07-13 23:59:36.446000
26,59199.87,1.21098,59199.88,3.91713,59199.19,0.00018,59200.0,0.08318,59199.14,9e-05,59200.05,0.05117,59198.08,0.00043,59200.2,0.00169,59198.0,0.083,59201.37,0.13115,59197.99,0.0001,59201.38,0.14322,59197.83,0.23643,59201.39,0.00169,59197.81,0.04886,59201.76,0.23641,59197.51,0.04224,59202.0,0.083,59196.77,0.04693,59202.23,0.05117,59196.19,0.04983,59202.24,0.04223,59196.0,0.083,59202.53,0.0761,59195.56,0.05607,59202.57,0.00169,59195.44,0.1126,59202.62,0.0763,59194.63,0.0034,59202.85,0.00016,59194.08,0.00018,59203.2,0.06401,59194.0,0.083,59203.6,0.05117,59193.86,0.22507,59203.66,0.05667,59193.11,0.00169,59203.76,0.00169,59192.7,0.04,59204.0,0.083,2024-07-13 23:59:36.546000
27,59199.87,1.21098,59199.88,3.91713,59199.19,0.00018,59200.0,0.08318,59199.11,9e-05,59200.05,0.05117,59198.08,0.00043,59200.2,0.00169,59198.0,0.083,59201.37,0.13115,59197.99,0.0001,59201.38,0.14322,59197.83,0.23643,59201.39,0.00169,59197.81,0.04886,59201.76,0.23641,59197.51,0.04224,59202.0,0.083,59196.77,0.04693,59202.23,0.05117,59196.19,0.04983,59202.24,0.04223,59196.0,0.083,59202.53,0.0761,59195.56,0.05607,59202.57,0.00169,59195.44,0.1126,59202.62,0.0763,59194.63,0.0034,59202.85,0.00016,59194.08,0.00018,59203.2,0.06401,59194.0,0.083,59203.6,0.05117,59193.86,0.22507,59203.66,0.05667,59193.11,0.00169,59203.76,0.00169,59192.7,0.04,59204.0,0.083,2024-07-13 23:59:36.647000
28,59199.87,1.21098,59199.88,3.91713,59199.19,0.00018,59200.0,0.08318,59199.07,9e-05,59200.05,0.05117,59198.08,0.00043,59200.2,0.00169,59198.0,0.083,59201.37,0.13115,59197.99,0.0001,59201.38,0.14322,59197.83,0.23643,59201.39,0.00169,59197.81,0.04886,59201.76,0.23641,59197.51,0.04224,59202.0,0.083,59196.77,0.04693,59202.23,0.05117,59196.19,0.04983,59202.24,0.04223,59196.0,0.083,59202.53,0.0761,59195.56,0.05607,59202.57,0.00169,59195.44,0.1126,59202.62,0.0763,59194.63,0.0034,59202.85,0.00016,59194.08,0.00018,59203.2,0.06401,59194.0,0.083,59203.6,0.05117,59193.86,0.22507,59203.66,0.05667,59193.11,0.00169,59203.76,0.00169,59192.7,0.04,59204.0,0.083,2024-07-13 23:59:36.747000
29,59199.87,1.21098,59199.88,3.91713,59199.19,0.00018,59200.0,0.08318,59199.04,9e-05,59200.05,0.05117,59198.08,0.00043,59200.2,0.00169,59198.0,0.083,59201.37,0.13115,59197.99,0.0001,59201.38,0.14322,59197.83,0.23643,59201.39,0.00169,59197.81,0.04886,59201.76,0.23641,59197.51,0.04224,59202.0,0.083,59196.77,0.04693,59202.23,0.05117,59196.19,0.04983,59202.24,0.04223,59196.0,0.083,59202.53,0.0761,59195.56,0.05607,59202.57,0.00169,59195.44,0.1126,59202.62,0.0763,59194.63,0.0034,59202.85,0.00016,59194.08,0.00018,59203.2,0.06401,59194.0,0.083,59203.6,0.05117,59193.86,0.22507,59203.66,0.05667,59193.11,0.00169,59203.76,0.00169,59192.7,0.04,59204.0,0.083,2024-07-13 23:59:36.847000
30,59199.87,1.21098,59199.88,3.91713,59199.19,0.00018,59200.0,0.08318,59199.01,9e-05,59200.05,0.05117,59198.08,0.00043,59200.2,0.00169,59198.0,0.083,59201.37,0.13115,59197.99,0.0001,59201.38,0.14322,59197.83,0.23643,59201.39,0.00169,59197.81,0.04886,59201.76,0.23641,59197.51,0.04224,59202.0,0.083,59196.77,0.04693,59202.23,0.05117,59196.19,0.04983,59202.24,0.04223,59196.0,0.083,59202.53,0.0761,59195.56,0.05607,59202.57,0.00169,59195.44,0.1126,59202.62,0.0763,59194.63,0.0034,59202.85,0.00016,59194.08,0.00018,59203.2,0.06401,59194.0,0.083,59203.6,0.05117,59193.86,0.22507,59203.66,0.05667,59193.11,0.00169,59203.76,0.00169,59192.7,0.04,59204.0,0.083,2024-07-13 23:59:36.947000
31,59199.87,1.21098,59199.88,3.86026,59199.86,9e-05,59200.0,0.08318,59199.19,0.00018,59200.05,0.05117,59198.98,9e-05,59200.2,0.00169,59198.08,0.00043,59201.37,0.13115,59198.0,0.083,59201.38,0.14322,59197.99,0.0001,59201.39,0.00169,59197.83,0.23643,59201.76,0.23641,59197.81,0.04886,59202.0,0.083,59197.51,0.04224,59202.23,0.05117,59196.77,0.04693,59202.24,0.04223,59196.19,0.04983,59202.53,0.0761,59196.0,0.083,59202.57,0.00169,59195.56,0.05607,59202.62,0.0763,59195.44,0.1126,59202.85,0.00016,59194.63,0.0034,59203.2,0.06401,59194.08,0.00018,59203.6,0.05117,59194.0,0.083,59203.66,0.05667,59193.86,0.22507,59203.76,0.00169,59193.11,0.00169,59204.0,0.083,2024-07-13 23:59:37.047000
32,59199.87,1.21098,59199.88,3.86026,59199.19,0.00018,59200.0,0.08318,59198.96,9e-05,59200.2,0.00169,59198.08,0.00043,59201.37,0.13115,59198.0,0.083,59201.38,0.14322,59197.99,0.0001,59201.39,0.00169,59197.83,0.23643,59201.76,0.23641,59197.81,0.04886,59202.0,0.083,59197.51,0.04224,59202.23,0.05117,59196.19,0.04983,59202.24,0.04223,59196.0,0.083,59202.53,0.0761,59195.56,0.05607,59202.57,0.00169,59195.44,0.1126,59202.62,0.0763,59194.63,0.0034,59202.85,0.00016,59194.08,0.00018,59203.2,0.06401,59194.0,0.083,59203.6,0.05117,59193.86,0.22507,59203.66,0.05667,59193.11,0.00169,59203.76,0.00169,59192.7,0.04,59204.0,0.083,59192.11,0.19155,59204.94,0.00169,2024-07-13 23:59:37.147000
33,59199.87,1.21098,59199.88,3.86026,59199.19,0.00018,59200.0,0.08318,59198.93,9e-05,59200.2,0.00169,59198.08,0.00043,59201.37,0.13115,59198.0,0.083,59201.38,0.14322,59197.99,0.0001,59201.39,0.00169,59197.83,0.23643,59201.76,0.23641,59197.81,0.04886,59202.0,0.083,59197.51,0.04224,59202.23,0.05117,59196.19,0.04983,59202.24,0.04223,59196.0,0.083,59202.53,0.0761,59195.56,0.05607,59202.57,0.00169,59195.44,0.1126,59202.62,0.0763,59194.63,0.0034,59202.85,0.00016,59194.08,0.00018,59203.2,0.06401,59194.0,0.083,59203.6,0.05117,59193.86,0.22507,59203.66,0.05667,59193.11,0.00169,59203.76,0.00169,59192.7,0.04,59204.0,0.083,59192.11,0.19155,59204.94,0.00169,2024-07-13 23:59:37.247000
34,59199.87,1.21098,59199.88,3.8601,59199.19,0.00018,59200.0,0.08318,59198.89,9e-05,59200.2,0.00169,59198.08,0.00043,59201.37,0.13115,59198.0,0.083,59201.38,0.14322,59197.99,0.0001,59201.39,0.00169,59197.83,0.23643,59201.76,0.23641,59197.81,0.04886,59202.0,0.083,59197.51,0.04224,59202.23,0.05117,59196.19,0.04983,59202.24,0.04223,59196.0,0.083,59202.53,0.0761,59195.56,0.05607,59202.57,0.00169,59195.44,0.1126,59202.62,0.0763,59194.63,0.0034,59202.85,0.00016,59194.08,0.00018,59203.2,0.06401,59194.0,0.083,59203.6,0.05117,59193.86,0.22507,59203.66,0.05667,59193.11,0.00169,59203.76,0.00169,59192.7,0.04,59204.0,0.083,59192.11,0.19155,59204.94,0.00169,2024-07-13 23:59:37.347000
35,59199.87,1.43579,59199.88,3.81745,59199.19,0.00018,59200.0,0.08318,59198.08,0.00043,59200.2,0.00169,59198.0,0.083,59201.37,0.13115,59197.99,0.0001,59201.38,0.14322,59197.83,0.23643,59201.39,0.00169,59197.81,0.04886,59201.76,0.23641,59197.51,0.04224,59202.0,0.083,59196.19,0.04983,59202.23,0.05117,59196.0,0.083,59202.24,0.04223,59195.56,0.05607,59202.53,0.0761,59195.44,0.1126,59202.57,0.00169,59194.63,0.0034,59202.62,0.0763,59194.08,0.00018,59202.85,0.00016,59194.0,0.083,59203.6,0.05117,59193.86,0.22507,59203.66,0.05667,59193.11,0.00169,59203.76,0.00169,59192.7,0.04,59204.0,0.083,59192.11,0.19155,59204.94,0.00169,59192.07,0.11644,59205.12,0.00018,2024-07-13 23:59:37.447000
36,59199.87,1.43579,59199.88,3.81745,59199.19,0.00018,59200.0,0.08318,59198.08,0.00043,59200.2,0.00169,59198.0,0.083,59201.37,0.13115,59197.99,0.0001,59201.38,0.14322,59197.83,0.23643,59201.39,0.00169,59197.81,0.04886,59201.76,0.23641,59197.51,0.04224,59202.0,0.083,59196.19,0.04983,59202.24,0.04223,59196.0,0.083,59202.53,0.0761,59195.56,0.05607,59202.57,0.00169,59195.44,0.1126,59202.62,0.0763,59194.63,0.0034,59202.85,0.00016,59194.08,0.00018,59203.66,0.05667,59194.0,0.083,59203.76,0.00169,59193.86,0.22507,59204.0,0.083,59193.11,0.00169,59204.94,0.00169,59192.7,0.04,59205.12,0.00018,59192.11,0.19155,59205.39,0.00013,59192.07,0.11644,59205.59,0.17554,2024-07-13 23:59:37.547000
37,59199.87,1.50174,59199.88,2.79546,59199.19,0.00018,59200.0,0.08318,59198.08,0.00043,59200.2,0.00169,59198.0,0.083,59201.37,0.13115,59197.99,0.0001,59201.38,0.14322,59197.83,0.23643,59201.39,0.00169,59197.81,0.04886,59201.76,0.23641,59197.51,0.04224,59202.0,0.083,59196.19,0.04983,59202.24,0.04223,59196.0,0.083,59202.53,0.0761,59195.56,0.05607,59202.57,0.00169,59195.44,0.1126,59202.62,0.0763,59194.63,0.0034,59202.85,0.00016,59194.08,0.00018,59203.76,0.00169,59194.0,0.083,59204.0,0.083,59193.86,0.22507,59204.94,0.00169,59193.11,0.00169,59205.12,0.00018,59192.7,0.04,59205.39,0.00013,59192.11,0.19155,59205.59,0.17554,59192.07,0.11644,59205.65,0.29241,2024-07-13 23:59:37.647000
38,59199.87,1.50174,59199.88,2.79546,59199.19,0.00018,59200.0,0.08318,59198.08,0.00043,59200.2,0.00169,59198.0,0.083,59201.37,0.13115,59197.99,0.0001,59201.38,0.14322,59197.83,0.23643,59201.39,0.00169,59197.81,0.04886,59201.76,0.23641,59197.51,0.04224,59202.0,0.083,59196.19,0.14477,59202.24,0.04223,59196.0,0.083,59202.53,0.0761,59195.56,0.05607,59202.57,0.00169,59195.44,0.1126,59202.62,0.0763,59194.63,0.0034,59202.85,0.00016,59194.08,0.00018,59203.76,0.00169,59194.0,0.083,59204.0,0.083,59193.86,0.22507,59204.94,0.00169,59193.11,0.00169,59205.12,0.00018,59192.7,0.04,59205.39,0.00013,59192.11,0.19155,59205.59,0.17554,59192.07,0.11644,59205.65,0.29241,2024-07-13 23:59:37.747000
39,59199.87,1.50174,59199.88,2.77436,59199.19,0.00018,59200.0,0.08318,59198.08,0.00043,59200.2,0.00169,59198.0,0.083,59201.37,0.13115,59197.99,0.0001,59201.38,0.14322,59197.83,0.23643,59201.39,0.00169,59197.81,0.04886,59201.76,0.23641,59197.51,0.04224,59202.0,0.083,59196.19,0.14477,59202.24,0.04223,59196.0,0.083,59202.53,0.0761,59195.56,0.05607,59202.57,0.00169,59195.44,0.1126,59202.62,0.0763,59194.63,0.0034,59202.85,0.00016,59194.08,0.00018,59203.76,0.00169,59194.0,0.083,59204.0,0.083,59193.86,0.22507,59204.94,0.00169,59193.11,0.00169,59205.12,0.00018,59192.7,0.04,59205.39,0.00013,59192.11,0.19155,59205.59,0.17554,59192.07,0.11644,59205.65,0.29241,2024-07-13 23:59:37.847000
40,59199.87,1.50824,59199.88,2.67672,59199.19,0.00018,59199.89,9e-05,59199.18,9e-05,59200.0,0.08318,59198.08,0.00043,59200.15,0.27473,59198.0,0.083,59200.2,0.00169,59197.99,0.0001,59201.37,0.13115,59197.83,0.23643,59201.38,0.14322,59197.81,0.04886,59201.39,0.00169,59197.51,0.04224,59201.76,0.23641,59196.19,0.14477,59202.0,0.083,59196.0,0.083,59202.24,0.04223,59195.56,0.05607,59202.53,0.0761,59195.44,0.1126,59202.57,0.00169,59194.63,0.0034,59202.62,0.0763,59194.08,0.00018,59202.85,0.00016,59194.0,0.083,59203.76,0.00169,59193.86,0.22507,59204.0,0.083,59193.11,0.00169,59204.94,0.00169,59192.7,0.04,59205.12,0.00018,59192.11,0.19155,59205.39,0.00013,2024-07-13 23:59:37.947000
41,59199.87,1.50824,59199.88,2.67663,59199.19,0.00018,59199.91,9e-05,59198.08,0.00043,59199.92,9e-05,59198.0,0.083,59200.0,0.08318,59197.99,0.0001,59200.15,0.27473,59197.83,0.23643,59200.2,0.00169,59197.81,0.04886,59201.37,0.13115,59197.51,0.04224,59201.38,0.14322,59196.19,0.14477,59201.39,0.00169,59196.0,0.083,59201.76,0.23641,59195.56,0.05607,59202.0,0.083,59195.44,0.1126,59202.24,0.04223,59194.63,0.0034,59202.53,0.0761,59194.08,0.00018,59202.57,0.00169,59194.0,0.083,59202.62,0.0763,59193.86,0.22507,59202.85,0.00016,59193.11,0.00169,59203.76,0.00169,59192.7,0.04,59204.0,0.083,59192.11,0.19155,59204.94,0.00169,59192.07,0.11644,59205.12,0.00018,2024-07-13 23:59:38.047000
42,59199.87,1.50824,59199.88,2.67663,59199.19,0.00018,59199.93,9e-05,59198.08,0.00043,59199.94,9e-05,59198.0,0.083,59200.0,0.08318,59197.99,0.0001,59200.15,0.27473,59197.83,0.23643,59200.2,0.00169,59197.81,0.04886,59201.37,0.13115,59197.51,0.04224,59201.38,0.14322,59196.19,0.14477,59201.39,0.00169,59196.0,0.083,59201.76,0.23641,59195.56,0.05607,59202.0,0.083,59195.44,0.1126,59202.24,0.04223,59194.63,0.0034,59202.53,0.0761,59194.08,0.00018,59202.57,0.00169,59194.0,0.083,59202.62,0.0763,59193.86,0.22507,59202.85,0.00016,59193.11,0.00169,59203.76,0.00169,59192.7,0.04,59204.0,0.083,59192.11,0.19155,59204.94,0.00169,59192.07,0.11644,59205.12,0.00018,2024-07-13 23:59:38.147000
43,59199.87,1.50824,59199.88,2.49954,59199.19,0.00018,59199.9,9e-05,59198.08,0.00043,59199.95,9e-05,59198.0,0.083,59200.0,0.08318,59197.99,0.0001,59200.15,0.27473,59197.83,0.23643,59200.2,0.00169,59197.81,0.04886,59201.37,0.13115,59197.51,0.04224,59201.38,0.14322,59196.19,0.14477,59201.39,0.00169,59196.0,0.083,59201.76,0.23641,59195.56,0.05607,59202.0,0.083,59195.44,0.1126,59202.24,0.04223,59194.63,0.0034,59202.53,0.0761,59194.08,0.00018,59202.57,0.00169,59194.0,0.083,59202.62,0.0763,59193.86,0.22507,59202.85,0.00016,59193.11,0.00169,59203.76,0.00169,59192.7,0.04,59204.0,0.083,59192.11,0.19155,59204.94,0.00169,59192.07,0.11644,59205.12,0.00018,2024-07-13 23:59:38.247000
44,59199.87,1.45934,59199.88,2.49954,59199.19,0.00018,59199.94,9e-05,59199.16,9e-05,59199.99,9e-05,59198.08,0.00043,59200.0,0.08318,59198.0,0.083,59200.15,0.27473,59197.99,0.0001,59200.2,0.00169,59197.83,0.23643,59201.37,0.13115,59197.81,0.04886,59201.38,0.14322,59197.51,0.04224,59201.39,0.00169,59196.19,0.14477,59201.76,0.23641,59196.0,0.083,59202.0,0.083,59195.56,0.05607,59202.24,0.04223,59195.44,0.1126,59202.53,0.0761,59194.63,0.0034,59202.57,0.00169,59194.08,0.00018,59202.62,0.0763,59194.0,0.083,59202.85,0.00016,59193.86,0.22507,59203.76,0.00169,59193.11,0.00169,59204.0,0.083,59192.7,0.04,59204.94,0.00169,59192.11,0.19155,59205.12,0.00018,2024-07-13 23:59:38.347000
45,59199.87,1.45934,59199.88,2.49954,59199.19,0.00018,59199.9,9e-05,59199.13,9e-05,59199.97,9e-05,59198.08,0.00043,59200.0,0.08318,59198.0,0.083,59200.15,0.27473,59197.99,0.0001,59200.2,0.00169,59197.83,0.23643,59201.37,0.13115,59197.81,0.04886,59201.38,0.14322,59197.51,0.04224,59201.39,0.00169,59196.19,0.14477,59201.76,0.23641,59196.0,0.083,59202.0,0.083,59195.56,0.05607,59202.24,0.04223,59195.44,0.1126,59202.53,0.0761,59194.63,0.0034,59202.57,0.00169,59194.08,0.00018,59202.62,0.0763,59194.0,0.083,59202.85,0.00016,59193.86,0.22507,59203.76,0.00169,59193.11,0.00169,59204.0,0.083,59192.7,0.04,59204.94,0.00169,59192.11,0.19155,59205.12,0.00018,2024-07-13 23:59:38.447000
46,59199.87,1.45934,59199.88,2.49954,59199.19,0.00018,59199.92,9e-05,59198.08,0.00043,59199.99,9e-05,59198.0,0.083,59200.0,0.08318,59197.99,0.0001,59200.15,0.27473,59197.83,0.23643,59200.2,0.00169,59197.81,0.04886,59201.37,0.13115,59197.51,0.04224,59201.38,0.14322,59196.19,0.14477,59201.39,0.00169,59196.0,0.083,59201.76,0.23641,59195.56,0.05607,59202.0,0.083,59195.44,0.1126,59202.24,0.04223,59194.63,0.0034,59202.53,0.0761,59194.08,0.00018,59202.57,0.00169,59194.0,0.083,59202.62,0.0763,59193.86,0.22507,59202.85,0.00016,59193.11,0.00169,59203.76,0.00169,59192.7,0.04,59204.0,0.083,59192.11,0.19155,59204.94,0.00169,59192.07,0.11644,59205.12,0.00018,2024-07-13 23:59:38.547000
47,59199.87,1.45934,59199.88,2.49878,59199.19,0.00018,59199.94,9e-05,59198.08,0.00043,59199.95,9e-05,59198.0,0.083,59200.0,0.08318,59197.99,0.0001,59200.15,0.27473,59197.83,0.23643,59200.2,0.00169,59197.81,0.04886,59201.37,0.13115,59197.51,0.04224,59201.38,0.14322,59196.19,0.14477,59201.39,0.00169,59196.18,0.06428,59201.76,0.23641,59196.0,0.083,59202.0,0.083,59195.56,0.05607,59202.24,0.04223,59195.44,0.1126,59202.53,0.0761,59194.63,0.0034,59202.57,0.00169,59194.08,0.00018,59202.62,0.0763,59194.0,0.083,59202.85,0.00016,59193.86,0.22507,59203.76,0.00169,59193.11,0.00169,59204.0,0.083,59192.7,0.04,59204.94,0.00169,59192.11,0.19155,59205.12,0.00018,2024-07-13 23:59:38.648000
48,59199.87,1.45778,59199.88,2.51583,59199.19,0.00018,59199.91,9e-05,59199.16,9e-05,59199.98,9e-05,59198.08,0.00043,59200.0,0.08318,59198.0,0.083,59200.15,0.27473,59197.99,0.0001,59200.2,0.00169,59197.83,0.23643,59201.37,0.13115,59197.81,0.04886,59201.38,0.14322,59197.51,0.04224,59201.39,0.00169,59196.19,0.14477,59201.76,0.23641,59196.18,0.06428,59202.0,0.083,59196.0,0.083,59202.24,0.04223,59195.56,0.05607,59202.53,0.0761,59195.44,0.1126,59202.57,0.00169,59194.63,0.0034,59202.62,0.0763,59194.08,0.00018,59202.85,0.00016,59194.0,0.083,59203.76,0.00169,59193.86,0.22507,59204.0,0.083,59193.11,0.00169,59204.94,0.00169,59192.7,0.04,59205.12,0.00018,2024-07-13 23:59:38.748000
49,59199.87,1.45768,59199.88,2.51583,59199.19,0.00018,59199.93,9e-05,59199.14,9e-05,59200.0,0.08327,59198.08,0.00043,59200.15,0.27473,59198.0,0.083,59200.2,0.00169,59197.99,0.0001,59201.37,0.13115,59197.83,0.23643,59201.38,0.14322,59197.81,0.04886,59201.39,0.00169,59197.51,0.04224,59201.76,0.23641,59196.19,0.14477,59202.0,0.083,59196.18,0.06428,59202.24,0.04223,59196.0,0.083,59202.53,0.0761,59195.56,0.05607,59202.57,0.00169,59195.44,0.1126,59202.62,0.0763,59194.63,0.0034,59202.85,0.00016,59194.08,0.00018,59203.76,0.00169,59194.0,0.083,59204.0,0.083,59193.86,0.22507,59204.94,0.00169,59193.11,0.00169,59205.12,0.00018,59192.7,0.04,59205.39,0.00013,2024-07-13 23:59:38.848000
50,59199.87,1.515,59199.88,2.51583,59199.19,0.00018,59199.9,9e-05,59198.08,0.00043,59199.95,9e-05,59198.0,0.083,59200.0,0.08318,59197.99,0.0001,59200.15,0.27473,59197.83,0.23643,59200.2,0.00169,59197.81,0.04886,59201.37,0.13115,59197.51,0.04224,59201.38,0.14322,59196.19,0.14477,59201.39,0.00169,59196.18,0.06428,59201.76,0.23641,59196.0,0.083,59202.0,0.083,59195.56,0.05607,59202.24,0.04223,59195.44,0.1126,59202.53,0.0761,59194.63,0.0034,59202.57,0.00169,59194.08,0.00018,59202.62,0.0763,59194.0,0.083,59202.85,0.00016,59193.86,0.22507,59203.76,0.00169,59193.11,0.00169,59204.0,0.083,59192.7,0.04,59204.94,0.00169,59192.11,0.19155,59205.12,0.00018,2024-07-13 23:59:38.948000
51,59199.87,1.515,59199.88,2.51583,59199.19,0.00018,59199.93,9e-05,59198.08,0.00043,59199.98,9e-05,59198.0,0.083,59200.0,0.08318,59197.99,0.0001,59200.15,0.27473,59197.83,0.23643,59200.2,0.00169,59197.81,0.04886,59201.37,0.13115,59197.51,0.04224,59201.38,0.14322,59196.19,0.14477,59201.39,0.00169,59196.18,0.06428,59201.76,0.23641,59196.0,0.083,59202.0,0.083,59195.56,0.05607,59202.24,0.04223,59195.44,0.1126,59202.53,0.0761,59194.63,0.0034,59202.57,0.00169,59194.08,0.00018,59202.62,0.0763,59194.0,0.083,59202.85,0.00016,59193.86,0.22507,59203.76,0.00169,59193.11,0.00169,59204.0,0.083,59192.7,0.04,59204.94,0.00169,59192.11,0.19155,59205.12,0.00018,2024-07-13 23:59:39.048000
52,59199.87,1.515,59199.88,2.51583,59199.19,0.00018,59199.89,9e-05,59198.08,0.00043,59199.96,9e-05,59198.0,0.083,59200.0,0.08318,59197.99,0.0001,59200.15,0.27473,59197.83,0.23643,59200.2,0.00169,59197.81,0.04886,59201.37,0.13115,59197.51,0.04224,59201.38,0.14322,59196.19,0.14477,59201.39,0.00169,59196.18,0.06428,59201.76,0.23641,59196.0,0.083,59202.0,0.083,59195.56,0.05607,59202.24,0.04223,59195.44,0.1126,59202.53,0.0761,59194.63,0.0034,59202.57,0.00169,59194.08,0.00018,59202.62,0.0763,59194.0,0.083,59202.85,0.00016,59193.86,0.22507,59203.76,0.00169,59193.11,0.00169,59204.0,0.083,59192.7,0.04,59204.94,0.00169,59192.11,0.19155,59205.12,0.00018,2024-07-13 23:59:39.148000
53,59199.87,1.515,59199.88,2.51583,59199.19,0.00018,59199.91,9e-05,59199.18,9e-05,59199.98,9e-05,59198.08,0.00043,59200.0,0.08318,59198.0,0.083,59200.15,0.27473,59197.99,0.00019,59200.2,0.00169,59197.83,0.23643,59201.37,0.13115,59197.51,0.04224,59201.38,0.14322,59197.21,0.04884,59201.39,0.00169,59196.19,0.14477,59201.76,0.23641,59196.0,0.083,59202.0,0.083,59195.56,0.05607,59202.24,0.04223,59195.44,0.1126,59202.53,0.0761,59194.63,0.0034,59202.57,0.00169,59194.08,0.00018,59202.62,0.0763,59194.0,0.083,59202.85,0.00016,59193.86,0.22507,59203.76,0.00169,59193.11,0.00169,59204.0,0.083,59192.7,0.04,59204.94,0.00169,59192.11,0.19155,59205.12,0.00018,2024-07-13 23:59:39.248000
54,59199.87,1.515,59199.88,2.51583,59199.19,0.00018,59199.89,9e-05,59199.15,9e-05,59199.94,9e-05,59198.08,0.00043,59200.0,0.08318,59198.0,0.083,59200.15,0.27473,59197.99,0.0001,59200.2,0.00169,59197.83,0.23643,59201.37,0.13115,59197.51,0.04224,59201.38,0.14322,59197.21,0.04884,59201.39,0.00169,59196.19,0.14477,59201.76,0.23641,59196.0,0.083,59202.0,0.083,59195.56,0.05607,59202.24,0.04223,59195.44,0.1126,59202.53,0.0761,59194.63,0.0034,59202.57,0.00169,59194.08,0.00018,59202.62,0.0763,59194.0,0.083,59202.85,0.00016,59193.86,0.22507,59203.76,0.00169,59193.11,0.00169,59204.0,0.083,59192.7,0.04,59204.94,0.00169,59192.11,0.19155,59205.12,0.00018,2024-07-13 23:59:39.348000
55,59199.87,1.45768,59199.88,2.70864,59199.19,0.00018,59199.92,9e-05,59199.12,9e-05,59200.0,0.08318,59198.08,0.00043,59200.15,0.27473,59198.0,0.083,59200.2,0.00169,59197.99,0.0001,59201.37,0.13115,59197.83,0.23643,59201.38,0.14322,59197.51,0.04224,59201.39,0.00169,59197.21,0.04884,59201.76,0.23641,59196.19,0.14477,59202.0,0.083,59196.0,0.083,59202.24,0.04223,59195.56,0.05607,59202.53,0.0761,59195.44,0.1126,59202.57,0.00169,59194.63,0.0034,59202.62,0.0763,59194.08,0.00018,59202.85,0.00016,59194.0,0.083,59203.76,0.00169,59193.86,0.22507,59204.0,0.083,59193.11,0.00169,59204.94,0.00169,59192.7,0.04,59205.12,0.00018,59192.11,0.19155,59205.39,0.00013,2024-07-13 23:59:39.448000
56,59199.87,1.45761,59199.88,2.91381,59199.19,0.00018,59199.91,9e-05,59199.09,9e-05,59199.95,9e-05,59198.73,0.05633,59200.0,0.08318,59198.08,0.00043,59200.15,0.27473,59198.0,0.083,59200.2,0.00169,59197.99,0.0001,59201.37,0.13115,59197.83,0.23643,59201.38,0.14322,59197.51,0.04224,59201.39,0.00169,59197.21,0.04884,59201.76,0.23641,59196.19,0.14477,59202.0,0.083,59196.0,0.083,59202.24,0.04223,59195.56,0.05607,59202.53,0.0761,59195.44,0.1126,59202.57,0.00169,59194.63,0.0034,59202.62,0.0763,59194.08,0.00018,59202.85,0.00016,59194.0,0.083,59203.76,0.00169,59193.86,0.22507,59204.0,0.083,59193.11,0.00169,59204.94,0.00169,59192.7,0.04,59205.12,0.00018,2024-07-13 23:59:39.548000
57,59199.87,1.45761,59199.88,2.91381,59199.19,0.00018,59199.9,9e-05,59199.18,9e-05,59199.97,9e-05,59198.73,0.05633,59200.0,0.08318,59198.08,0.00043,59200.15,0.27473,59198.0,0.083,59200.2,0.00169,59197.99,0.0001,59201.37,0.13115,59197.83,0.23643,59201.38,0.14322,59197.51,0.04224,59201.39,0.00169,59197.21,0.04884,59201.76,0.23641,59196.19,0.14477,59202.0,0.083,59196.0,0.083,59202.24,0.04223,59195.56,0.05607,59202.53,0.0761,59195.44,0.1126,59202.57,0.00169,59195.4,0.06427,59202.62,0.0763,59194.63,0.0034,59202.85,0.00016,59194.08,0.00018,59203.76,0.00169,59194.0,0.083,59204.0,0.083,59193.86,0.22507,59204.94,0.00169,59193.11,0.00169,59205.12,0.00018,2024-07-13 23:59:39.648000
58,59199.87,1.45761,59199.88,2.87832,59199.19,0.00018,59199.89,9e-05,59199.16,9e-05,59200.0,0.08318,59198.08,0.00043,59200.15,0.27473,59198.0,0.083,59201.37,0.13115,59197.99,0.0001,59201.38,0.14322,59197.83,0.23643,59201.76,0.23641,59197.51,0.04224,59202.0,0.083,59197.21,0.04884,59202.24,0.04223,59196.19,0.14477,59202.53,0.0761,59196.0,0.083,59202.57,0.00169,59195.56,0.05607,59202.62,0.0763,59195.44,0.1126,59202.85,0.00016,59195.25,0.06425,59203.76,0.00169,59194.63,0.0034,59204.0,0.083,59194.08,0.00018,59204.12,0.05753,59194.0,0.083,59204.94,0.00169,59193.86,0.22507,59205.12,0.00018,59193.11,0.00169,59205.39,0.00013,59192.7,0.04,59205.59,0.17554,2024-07-13 23:59:39.748000
59,59199.87,1.4591,59199.88,3.15305,59199.19,0.00018,59199.89,9e-05,59199.14,9e-05,59200.0,0.08318,59198.08,0.00043,59201.37,0.13115,59198.0,0.083,59201.38,0.14322,59197.99,0.0001,59201.76,0.23641,59197.83,0.23643,59202.0,0.083,59197.51,0.04224,59202.24,0.04223,59197.21,0.04884,59202.53,0.0761,59196.19,0.14477,59202.57,0.00169,59196.0,0.083,59202.62,0.0763,59195.56,0.05607,59202.85,0.00016,59195.48,0.00169,59203.76,0.00169,59195.44,0.1126,59204.0,0.083,59195.25,0.06425,59204.12,0.05753,59194.63,0.0034,59204.94,0.00169,59194.29,0.00169,59205.12,0.00018,59194.08,0.00018,59205.39,0.00013,59194.0,0.083,59205.59,0.17554,59193.86,0.22507,59205.65,0.29241,2024-07-13 23:59:39.848000
60,59199.87,1.45738,59199.88,3.15305,59199.19,0.00018,59199.89,9e-05,59199.18,9e-05,59200.0,0.08318,59198.09,0.0028,59201.37,0.13115,59198.08,0.00052,59201.38,0.14322,59198.0,0.083,59201.76,0.23641,59197.99,0.0001,59202.0,0.083,59197.83,0.23643,59202.24,0.04223,59197.51,0.04224,59202.53,0.0761,59197.21,0.04884,59202.57,0.00169,59196.19,0.14477,59202.62,0.0763,59196.0,0.083,59202.85,0.00016,59195.56,0.05607,59203.76,0.00169,59195.48,0.00169,59204.0,0.083,59195.44,0.1126,59204.12,0.05753,59195.25,0.06425,59204.94,0.00169,59194.63,0.0034,59205.12,0.00018,59194.29,0.00169,59205.39,0.00013,59194.08,0.00018,59205.59,0.17554,59194.0,0.083,59205.65,0.29241,2024-07-13 23:59:39.948000
61,59199.87,1.45661,59199.88,3.15305,59199.19,0.00018,59199.89,9e-05,59199.17,9e-05,59200.0,0.08318,59198.08,0.00043,59201.37,0.13115,59198.0,0.083,59201.38,0.14322,59197.99,0.0001,59201.76,0.23641,59197.83,0.23643,59202.0,0.083,59197.51,0.04224,59202.24,0.04223,59197.21,0.04884,59202.53,0.0761,59196.19,0.14477,59202.57,0.00169,59196.0,0.083,59202.62,0.0763,59195.56,0.05607,59202.85,0.00016,59195.48,0.00169,59203.76,0.00169,59195.44,0.1126,59204.0,0.083,59195.25,0.06425,59204.12,0.05753,59194.63,0.0034,59204.94,0.00169,59194.29,0.00169,59205.12,0.00018,59194.08,0.00018,59205.39,0.00013,59194.0,0.083,59205.59,0.17554,59193.86,0.22507,59205.65,0.29241,2024-07-13 23:59:40.048000
62,59199.87,1.45661,59199.88,3.15305,59199.19,0.00018,59199.89,9e-05,59199.14,9e-05,59200.0,0.08318,59198.08,0.00043,59201.37,0.13115,59198.0,0.083,59201.38,0.14322,59197.99,0.0001,59201.76,0.23641,59197.83,0.23643,59202.0,0.083,59197.51,0.04224,59202.24,0.04223,59197.21,0.04884,59202.53,0.0761,59196.19,0.14477,59202.57,0.00169,59196.0,0.083,59202.62,0.0763,59195.56,0.05607,59202.85,0.00016,59195.48,0.00169,59203.76,0.00169,59195.44,0.1126,59204.0,0.083,59195.2,0.06438,59204.12,0.05753,59194.63,0.0034,59204.94,0.00169,59194.29,0.00169,59205.12,0.00018,59194.08,0.00018,59205.39,0.00013,59194.0,0.083,59205.59,0.17554,59193.86,0.22507,59205.65,0.29241,2024-07-13 23:59:40.148000
63,59199.87,1.49281,59199.88,3.15305,59199.19,0.00018,59199.89,9e-05,59198.08,0.00043,59200.0,0.08318,59198.0,0.083,59201.37,0.13115,59197.99,0.0001,59201.38,0.14322,59197.83,0.23643,59201.76,0.23641,59197.51,0.04224,59202.0,0.083,59197.21,0.04884,59202.24,0.04223,59196.19,0.14477,59202.53,0.0761,59196.0,0.083,59202.57,0.00169,59195.56,0.05607,59202.62,0.0763,59195.48,0.00169,59202.85,0.00016,59195.44,0.1126,59203.76,0.00169,59195.2,0.06438,59204.0,0.083,59194.63,0.0034,59204.12,0.05753,59194.29,0.00169,59204.94,0.00169,59194.08,0.00018,59205.12,0.00018,59194.0,0.083,59205.39,0.00013,59193.86,0.22507,59205.59,0.17554,59193.11,0.00169,59205.65,0.29241,2024-07-13 23:59:40.248000
64,59199.87,1.49281,59199.88,3.15305,59199.19,0.00018,59199.89,9e-05,59198.08,0.00043,59200.0,0.08318,59198.0,0.083,59201.37,0.13115,59197.99,0.0001,59201.38,0.14322,59197.83,0.23643,59201.76,0.23641,59197.51,0.04224,59202.0,0.083,59197.21,0.04884,59202.24,0.04223,59196.19,0.14477,59202.53,0.0761,59196.0,0.083,59202.57,0.00169,59195.56,0.05607,59202.62,0.0763,59195.48,0.00169,59202.85,0.00016,59195.44,0.1126,59203.76,0.00169,59195.2,0.06438,59204.0,0.083,59194.63,0.0034,59204.12,0.05753,59194.29,0.00169,59204.94,0.00169,59194.08,0.00018,59205.12,0.00018,59194.0,0.083,59205.39,0.00013,59193.86,0.22507,59205.59,0.17554,59193.11,0.00169,59205.65,0.29241,2024-07-13 23:59:40.348000
65,59199.87,1.45632,59199.88,3.15305,59199.19,0.00018,59199.89,9e-05,59199.17,9e-05,59200.0,0.08318,59198.08,0.00043,59201.37,0.13115,59198.0,0.083,59201.38,0.14322,59197.99,0.0001,59201.76,0.23641,59197.83,0.23643,59202.0,0.083,59197.51,0.04224,59202.24,0.04223,59197.21,0.04884,59202.53,0.0761,59196.19,0.14477,59202.57,0.00169,59196.0,0.083,59202.62,0.0763,59195.56,0.05607,59202.85,0.00016,59195.48,0.00169,59203.76,0.00169,59195.44,0.1126,59204.0,0.083,59195.2,0.06438,59204.12,0.05753,59194.63,0.0034,59204.94,0.00169,59194.29,0.00169,59205.12,0.00018,59194.08,0.00018,59205.39,0.00013,59194.0,0.083,59205.59,0.17554,59193.86,0.22507,59205.65,0.29241,2024-07-13 23:59:40.448000
66,59199.87,1.45713,59199.88,3.15305,59199.19,0.00018,59199.89,9e-05,59199.14,9e-05,59200.0,0.08318,59198.08,0.00043,59201.37,0.13115,59198.0,0.083,59201.38,0.14322,59197.99,0.0001,59201.76,0.23641,59197.83,0.23643,59202.0,0.083,59197.51,0.04224,59202.24,0.04223,59197.21,0.04884,59202.53,0.0761,59196.19,0.14477,59202.57,0.00169,59196.0,0.083,59202.62,0.0763,59195.56,0.05607,59202.85,0.00016,59195.48,0.00169,59203.76,0.00169,59195.44,0.1126,59204.0,0.083,59195.2,0.06438,59204.12,0.05753,59194.63,0.0034,59204.94,0.00169,59194.29,0.00169,59205.12,0.00018,59194.08,0.00018,59205.39,0.00013,59194.0,0.083,59205.59,0.17554,59193.86,0.22507,59205.65,0.29241,2024-07-13 23:59:40.549000
67,59199.87,1.45713,59199.88,3.15305,59199.19,0.00018,59199.89,9e-05,59198.08,0.00043,59200.0,0.08318,59198.0,0.083,59201.37,0.13115,59197.99,0.0001,59201.38,0.14322,59197.83,0.23643,59201.76,0.23641,59197.51,0.04224,59202.0,0.083,59197.21,0.04884,59202.24,0.04223,59196.19,0.14477,59202.53,0.0761,59196.0,0.083,59202.57,0.00169,59195.56,0.05607,59202.62,0.0763,59195.48,0.00169,59202.85,0.00016,59195.44,0.1126,59203.76,0.00169,59195.2,0.06438,59204.0,0.083,59194.63,0.0034,59204.12,0.05753,59194.29,0.00169,59204.94,0.00169,59194.08,0.00018,59205.12,0.00018,59194.0,0.083,59205.39,0.00013,59193.86,0.22507,59205.59,0.17554,59193.11,0.00169,59205.65,0.29241,2024-07-13 23:59:40.649000
68,59199.87,1.45713,59199.88,3.15305,59199.19,0.00018,59199.89,9e-05,59199.15,9e-05,59200.0,0.08318,59198.08,0.00043,59201.37,0.13115,59198.0,0.083,59201.38,0.14322,59197.99,0.0001,59201.76,0.23641,59197.83,0.23643,59202.0,0.083,59197.51,0.04224,59202.24,0.04223,59197.21,0.04884,59202.53,0.0761,59196.19,0.14477,59202.57,0.00169,59196.0,0.083,59202.62,0.0763,59195.56,0.05607,59202.85,0.00016,59195.48,0.00169,59203.76,0.00169,59195.44,0.1126,59204.0,0.083,59195.2,0.06438,59204.12,0.05753,59194.63,0.0034,59204.94,0.00169,59194.29,0.00169,59205.12,0.00018,59194.08,0.00018,59205.39,0.00013,59194.0,0.083,59205.59,0.17554,59193.86,0.22507,59205.65,0.29241,2024-07-13 23:59:40.749000
69,59199.87,1.45713,59199.88,3.1957,59199.19,0.00018,59199.89,9e-05,59199.12,9e-05,59200.0,0.08318,59198.08,0.00043,59201.37,0.13115,59198.0,0.083,59201.38,0.14322,59197.99,0.0001,59201.76,0.23641,59197.83,0.23643,59202.0,0.083,59197.51,0.04224,59202.24,0.04223,59197.21,0.04884,59202.53,0.0761,59196.19,0.14477,59202.57,0.00169,59196.0,0.083,59202.62,0.0763,59195.56,0.05607,59202.85,0.00016,59195.48,0.00169,59203.76,0.00169,59195.44,0.1126,59204.0,0.083,59194.63,0.0034,59204.12,0.05753,59194.29,0.00169,59204.94,0.00169,59194.08,0.00018,59205.12,0.00018,59194.0,0.083,59205.39,0.00013,59193.86,0.22507,59205.59,0.17554,59193.11,0.00169,59205.65,0.29241,2024-07-13 23:59:40.849000
70,59199.87,1.45713,59199.88,3.1957,59199.19,0.00018,59199.89,9e-05,59199.09,9e-05,59200.0,0.08318,59198.08,0.00043,59201.37,0.13115,59198.0,0.083,59201.38,0.14322,59197.99,0.0001,59201.76,0.23641,59197.83,0.23643,59202.0,0.083,59197.51,0.04224,59202.24,0.04223,59197.21,0.04884,59202.53,0.0761,59196.19,0.14477,59202.57,0.00169,59196.0,0.083,59202.62,0.0763,59195.56,0.05607,59202.85,0.00016,59195.48,0.00169,59203.76,0.00169,59195.44,0.1126,59204.0,0.083,59194.63,0.0034,59204.12,0.05753,59194.29,0.00169,59204.94,0.00169,59194.08,0.00018,59205.12,0.00018,59194.0,0.083,59205.39,0.00013,59193.86,0.22507,59205.59,0.17554,59193.11,0.00169,59205.65,0.29241,2024-07-13 23:59:40.949000
71,59199.87,1.44863,59199.88,3.1957,59199.19,0.00018,59199.89,9e-05,59199.18,9e-05,59200.0,0.08318,59198.08,0.00043,59201.37,0.13115,59198.0,0.083,59201.38,0.14322,59197.99,0.0001,59201.39,0.00169,59197.83,0.23643,59201.76,0.23641,59197.51,0.04224,59202.0,0.083,59197.21,0.04884,59202.24,0.04223,59196.19,0.14477,59202.53,0.0761,59196.0,0.083,59202.57,0.00169,59195.56,0.05607,59202.62,0.0763,59195.48,0.00169,59202.85,0.00016,59195.44,0.1126,59203.76,0.00169,59195.11,0.06328,59204.0,0.083,59194.63,0.0034,59204.12,0.05753,59194.29,0.00169,59204.94,0.00169,59194.08,0.00018,59205.12,0.00018,59194.0,0.083,59205.39,0.00013,59193.86,0.22507,59205.44,0.05117,2024-07-13 23:59:41.049000
72,59199.87,1.44863,59199.88,3.1957,59199.19,0.00018,59199.89,9e-05,59199.15,9e-05,59200.0,0.08318,59198.08,0.00043,59201.37,0.13115,59198.0,0.083,59201.38,0.14322,59197.99,0.0001,59201.39,0.00169,59197.83,0.23643,59201.76,0.23641,59197.51,0.04224,59202.0,0.083,59197.21,0.04884,59202.24,0.04223,59196.19,0.14477,59202.53,0.0761,59196.0,0.083,59202.57,0.00169,59195.56,0.05607,59202.62,0.0763,59195.48,0.00169,59202.85,0.00016,59195.44,0.1126,59203.76,0.00169,59195.11,0.06328,59204.0,0.083,59194.63,0.0034,59204.12,0.05753,59194.29,0.00169,59204.94,0.00169,59194.08,0.00018,59205.12,0.00018,59194.0,0.083,59205.39,0.00013,59193.86,0.22507,59205.44,0.05117,2024-07-13 23:59:41.149000
73,59199.87,1.44863,59199.88,3.1957,59199.19,0.00018,59199.89,9e-05,59199.12,9e-05,59200.0,0.08318,59198.08,0.00043,59201.37,0.13115,59198.0,0.083,59201.38,0.14322,59197.99,0.0001,59201.39,0.00169,59197.83,0.23643,59201.76,0.23641,59197.51,0.04224,59202.0,0.083,59197.21,0.04884,59202.24,0.04223,59196.19,0.14477,59202.53,0.0761,59196.0,0.083,59202.57,0.00169,59195.56,0.05607,59202.62,0.0763,59195.48,0.00169,59202.85,0.00016,59195.44,0.1126,59203.76,0.00169,59195.11,0.06328,59204.0,0.083,59194.63,0.0034,59204.12,0.05753,59194.29,0.00169,59204.94,0.00169,59194.08,0.00018,59205.12,0.00018,59194.0,0.083,59205.39,0.00013,59193.86,0.22507,59205.44,0.05117,2024-07-13 23:59:41.249000
74,59199.87,1.41454,59199.88,3.1957,59199.19,0.00018,59199.89,9e-05,59199.18,9e-05,59200.0,0.08318,59198.09,0.00129,59201.37,0.13115,59198.08,0.00052,59201.38,0.14322,59198.0,0.083,59201.39,0.00169,59197.99,0.0001,59201.76,0.23641,59197.83,0.23643,59202.0,0.083,59197.51,0.04224,59202.24,0.04223,59197.21,0.04884,59202.53,0.0761,59196.19,0.14477,59202.57,0.00169,59196.0,0.083,59202.62,0.0763,59195.56,0.05607,59202.85,0.00016,59195.44,0.1126,59203.76,0.00169,59195.11,0.06328,59204.0,0.083,59194.63,0.0034,59204.12,0.05753,59194.08,0.00018,59204.94,0.00169,59194.0,0.083,59205.12,0.00018,59193.86,0.22507,59205.39,0.00013,59193.11,0.00169,59205.44,0.05117,2024-07-13 23:59:41.349000
75,59199.87,1.41445,59199.88,3.1957,59199.19,0.00018,59199.89,9e-05,59199.18,9e-05,59200.0,0.08318,59198.09,0.00129,59201.37,0.13115,59198.08,0.00052,59201.38,0.14322,59198.0,0.083,59201.39,0.00169,59197.99,0.0001,59201.76,0.23641,59197.83,0.23643,59202.0,0.083,59197.51,0.04224,59202.24,0.04223,59197.21,0.04884,59202.53,0.0761,59196.19,0.14477,59202.57,0.00169,59196.0,0.083,59202.62,0.0763,59195.56,0.05607,59202.85,0.00016,59195.44,0.1126,59203.76,0.00169,59195.11,0.06328,59204.0,0.083,59194.63,0.0034,59204.12,0.05753,59194.08,0.00018,59204.94,0.00169,59194.0,0.083,59205.12,0.00018,59193.86,0.22507,59205.39,0.00013,59193.11,0.00169,59205.44,0.05117,2024-07-13 23:59:41.449000
76,59199.87,1.41445,59199.88,3.1957,59199.19,0.00018,59199.89,9e-05,59199.18,9e-05,59200.0,0.08318,59198.09,0.00129,59201.37,0.13115,59198.08,0.00052,59201.38,0.14322,59198.0,0.083,59201.39,0.00169,59197.99,0.0001,59201.76,0.23641,59197.83,0.23643,59202.0,0.083,59197.51,0.04224,59202.24,0.04223,59197.21,0.04884,59202.53,0.0761,59196.19,0.14477,59202.57,0.00169,59196.0,0.083,59202.62,0.0763,59195.56,0.05607,59202.85,0.00016,59195.44,0.1126,59203.76,0.00169,59195.11,0.06328,59204.0,0.083,59194.63,0.0034,59204.12,0.05753,59194.08,0.00018,59204.94,0.00169,59194.0,0.083,59205.12,0.00018,59193.86,0.22507,59205.39,0.00013,59193.11,0.00169,59205.44,0.05117,2024-07-13 23:59:41.549000
77,59199.87,1.41445,59199.88,3.1957,59199.19,0.00018,59199.89,9e-05,59199.18,9e-05,59200.0,0.08318,59198.09,0.00017,59201.37,0.13115,59198.08,0.00052,59201.38,0.14322,59198.0,0.083,59201.39,0.00169,59197.99,0.0001,59201.76,0.23641,59197.83,0.23643,59202.0,0.083,59197.51,0.04224,59202.24,0.04223,59197.21,0.04884,59202.53,0.0761,59196.19,0.14477,59202.57,0.00169,59196.0,0.083,59202.62,0.0763,59195.56,0.05607,59202.85,0.00016,59195.44,0.1126,59203.76,0.00169,59195.11,0.06328,59204.0,0.083,59194.63,0.0034,59204.12,0.05753,59194.08,0.00018,59204.94,0.00169,59194.0,0.083,59205.12,0.00018,59193.86,0.22507,59205.39,0.00013,59193.11,0.00169,59205.44,0.05117,2024-07-13 23:59:41.649000
78,59199.87,1.41445,59199.88,3.1957,59199.19,0.00018,59199.89,9e-05,59198.09,0.00017,59200.0,0.08318,59198.08,0.00052,59201.37,0.13115,59198.0,0.083,59201.38,0.14322,59197.99,0.0001,59201.39,0.00169,59197.83,0.23643,59201.76,0.23641,59197.51,0.04224,59202.0,0.083,59197.21,0.04884,59202.24,0.04223,59196.19,0.14477,59202.53,0.0761,59196.0,0.083,59202.57,0.00169,59195.56,0.05607,59202.62,0.0763,59195.44,0.1126,59202.85,0.00016,59195.11,0.06328,59203.76,0.00169,59194.63,0.0034,59204.0,0.083,59194.08,0.00018,59204.12,0.05753,59194.0,0.083,59204.94,0.00169,59193.86,0.22507,59205.12,0.00018,59193.11,0.00169,59205.39,0.00013,59192.7,0.04,59205.44,0.05117,2024-07-13 23:59:41.749000
79,59199.87,1.41445,59199.88,3.1957,59199.19,0.00018,59199.89,9e-05,59198.08,0.00052,59200.0,0.08318,59198.0,0.083,59200.2,0.00169,59197.99,0.0001,59201.37,0.13115,59197.83,0.23643,59201.38,0.14322,59197.51,0.04224,59201.39,0.00169,59197.21,0.04884,59201.76,0.23641,59196.19,0.14477,59202.0,0.083,59196.0,0.083,59202.24,0.04223,59195.56,0.05607,59202.53,0.0761,59195.11,0.06328,59202.57,0.00169,59194.63,0.0034,59202.62,0.0763,59194.25,0.1126,59202.85,0.00016,59194.08,0.00018,59203.76,0.00169,59194.0,0.083,59204.0,0.083,59193.86,0.22507,59204.12,0.05753,59193.11,0.00169,59204.94,0.00169,59192.7,0.04,59205.12,0.00018,59192.11,0.19155,59205.39,0.00013,2024-07-13 23:59:41.849000
80,59199.87,1.41445,59199.88,3.1957,59199.19,0.00018,59199.89,9e-05,59199.16,9e-05,59200.0,0.08318,59198.08,0.00043,59200.2,0.00169,59198.0,0.083,59201.37,0.13115,59197.99,0.0001,59201.38,0.14322,59197.83,0.23643,59201.39,0.00169,59197.51,0.04224,59201.76,0.23641,59197.21,0.04884,59202.0,0.083,59196.19,0.14477,59202.24,0.04223,59196.0,0.083,59202.53,0.0761,59195.56,0.05607,59202.57,0.00169,59195.11,0.06328,59202.62,0.0763,59194.63,0.0034,59202.85,0.00016,59194.25,0.1126,59203.76,0.00169,59194.08,0.00018,59204.0,0.083,59194.0,0.083,59204.12,0.05753,59193.86,0.22507,59204.94,0.00169,59193.11,0.00169,59205.12,0.00018,59192.7,0.04,59205.39,0.00013,2024-07-13 23:59:41.949000
81,59199.87,1.41445,59199.88,3.1957,59199.19,0.00018,59199.89,9e-05,59199.13,9e-05,59200.0,0.08318,59198.08,0.00043,59200.2,0.00169,59198.0,0.083,59201.37,0.13115,59197.99,0.0001,59201.38,0.14322,59197.83,0.23643,59201.39,0.00169,59197.51,0.04224,59201.76,0.23641,59197.21,0.04884,59202.0,0.083,59196.19,0.14477,59202.24,0.04223,59196.0,0.083,59202.53,0.0761,59195.56,0.05607,59202.57,0.00169,59195.11,0.06328,59202.62,0.0763,59194.63,0.0034,59202.85,0.00016,59194.25,0.1126,59203.76,0.00169,59194.08,0.00018,59204.0,0.083,59194.0,0.083,59204.12,0.05753,59193.86,0.22507,59204.94,0.00169,59193.11,0.00169,59205.12,0.00018,59192.7,0.04,59205.39,0.00013,2024-07-13 23:59:42.049000
82,59199.87,1.38035,59199.88,3.1957,59199.19,0.00018,59199.89,9e-05,59198.08,0.00043,59200.0,0.08318,59198.0,0.083,59200.2,0.00169,59197.99,0.0001,59201.37,0.13115,59197.83,0.23643,59201.38,0.14322,59197.51,0.04224,59201.39,0.00169,59197.21,0.04884,59201.76,0.23641,59196.19,0.14477,59202.0,0.083,59196.0,0.083,59202.24,0.04223,59195.56,0.05607,59202.53,0.0761,59195.11,0.06328,59202.57,0.00169,59194.99,0.08982,59202.62,0.0763,59194.63,0.0034,59202.85,0.00016,59194.25,0.1126,59202.89,0.05117,59194.08,0.00018,59203.76,0.00169,59194.0,0.083,59204.0,0.083,59193.86,0.22507,59204.12,0.05753,59193.11,0.00169,59204.94,0.00169,59192.7,0.04,59205.12,0.00018,2024-07-13 23:59:42.149000
83,59199.87,0.48145,59199.88,3.66782,59199.19,0.00018,59200.0,0.08318,59199.16,9e-05,59200.2,0.00169,59198.08,0.00043,59200.42,0.05117,59198.0,0.083,59201.07,0.05117,59197.99,0.0001,59201.37,0.13115,59197.51,0.04224,59201.38,0.14322,59196.19,0.14477,59201.39,0.00169,59196.0,0.083,59201.76,0.23641,59195.86,0.04891,59201.83,0.05117,59195.56,0.05607,59202.0,0.083,59195.45,0.23644,59202.24,0.04223,59194.63,0.0034,59202.53,0.0761,59194.25,0.1126,59202.57,0.00169,59194.08,0.00018,59202.62,0.0763,59194.0,0.083,59202.85,0.00016,59193.86,0.22507,59202.89,0.05117,59193.11,0.00169,59203.04,0.23192,59192.7,0.04,59203.76,0.00169,59192.11,0.19155,59204.0,0.123,2024-07-13 23:59:42.249000
84,59199.87,0.49216,59199.88,4.53761,59199.86,9e-05,59200.0,0.08318,59198.0,0.083,59200.2,0.00169,59197.99,0.0001,59200.42,0.05117,59197.51,0.04224,59201.07,0.05117,59196.0,0.083,59201.37,0.13115,59194.63,0.0034,59201.38,0.14322,59194.08,0.00018,59201.39,0.00169,59194.0,0.083,59201.76,0.23641,59193.86,0.22507,59201.83,0.05117,59193.11,0.00169,59202.0,0.083,59192.7,0.04,59202.24,0.04223,59192.11,0.19155,59202.53,0.0761,59192.07,0.05644,59202.57,0.00169,59192.0,0.083,59202.62,0.0763,59191.93,0.00169,59202.85,0.00016,59191.25,0.28638,59202.89,0.05117,59191.07,0.0043,59203.04,0.23192,59191.02,0.00016,59203.1,0.08983,59190.74,0.00169,59203.76,0.00169,2024-07-13 23:59:42.349000
85,59199.87,0.49216,59199.88,4.53761,59199.86,9e-05,59200.0,0.08318,59198.0,0.083,59200.2,0.00169,59197.99,0.0001,59200.42,0.05117,59197.51,0.04224,59201.07,0.05117,59196.0,0.083,59201.37,0.13115,59194.63,0.0034,59201.38,0.14322,59194.08,0.00018,59201.39,0.00169,59194.0,0.083,59201.76,0.23641,59193.11,0.00169,59201.83,0.05117,59192.7,0.04,59202.0,0.083,59192.11,0.19155,59202.24,0.04223,59192.07,0.05644,59202.53,0.0761,59192.0,0.083,59202.57,0.00169,59191.93,0.00169,59202.62,0.0763,59191.25,0.28638,59202.85,0.00016,59191.07,0.0043,59202.89,0.05117,59191.02,0.00016,59203.04,0.23192,59190.74,0.00169,59203.06,0.09014,59190.64,0.44941,59203.76,0.00169,2024-07-13 23:59:42.450000
86,59199.87,0.49216,59199.88,4.53761,59199.86,9e-05,59200.0,0.08318,59198.0,0.083,59200.2,0.00169,59197.99,0.0001,59200.42,0.05117,59197.51,0.04224,59201.07,0.05117,59196.0,0.083,59201.37,0.13115,59194.63,0.0034,59201.38,0.14322,59194.08,0.00018,59201.39,0.00169,59194.0,0.083,59201.76,0.23641,59193.11,0.00169,59201.83,0.05117,59192.7,0.04,59202.0,0.083,59192.11,0.19155,59202.24,0.04223,59192.07,0.05644,59202.53,0.0761,59192.0,0.083,59202.57,0.00169,59191.93,0.00169,59202.62,0.0763,59191.25,0.28638,59202.85,0.00016,59191.07,0.0043,59202.89,0.05117,59191.02,0.00016,59203.04,0.23192,59190.74,0.00169,59203.06,0.09014,59190.64,0.44941,59203.76,0.00169,2024-07-13 23:59:42.550000
87,59199.87,0.49216,59199.88,4.53761,59199.86,9e-05,59200.0,0.08318,59198.0,0.083,59200.2,0.00169,59197.99,0.0001,59200.42,0.05117,59197.51,0.04224,59201.07,0.05117,59196.0,0.083,59201.37,0.13115,59194.63,0.0034,59201.38,0.14322,59194.08,0.00018,59201.39,0.00169,59194.0,0.083,59201.76,0.23641,59193.11,0.00169,59201.83,0.05117,59192.7,0.04,59202.0,0.083,59192.54,0.09774,59202.24,0.04223,59192.11,0.19155,59202.53,0.0761,59192.07,0.05644,59202.57,0.00169,59192.0,0.083,59202.62,0.0763,59191.93,0.00169,59202.85,0.00016,59191.25,0.28638,59202.89,0.05117,59191.07,0.0043,59202.91,0.09025,59191.02,0.00016,59203.04,0.23192,59190.74,0.00169,59203.76,0.00169,2024-07-13 23:59:42.650000
88,59199.87,0.49216,59199.88,4.53761,59199.86,9e-05,59200.0,0.08318,59198.0,0.083,59200.2,0.00169,59197.99,0.0001,59200.42,0.05117,59197.51,0.04224,59201.07,0.05117,59196.0,0.083,59201.37,0.13115,59194.63,0.0034,59201.38,0.14322,59194.08,0.00018,59201.39,0.00169,59194.0,0.083,59201.76,0.23641,59193.11,0.00169,59201.83,0.05117,59192.7,0.04,59202.0,0.083,59192.54,0.09774,59202.24,0.04223,59192.11,0.19155,59202.53,0.0761,59192.07,0.05644,59202.57,0.00169,59192.0,0.083,59202.62,0.0763,59191.93,0.00169,59202.76,0.09077,59191.25,0.28638,59202.85,0.00016,59191.07,0.0043,59202.89,0.05117,59191.02,0.00016,59203.04,0.23192,59190.74,0.00169,59203.76,0.00169,2024-07-13 23:59:42.750000
89,59199.87,0.49202,59199.88,4.53761,59199.86,9e-05,59200.0,0.08318,59198.0,0.083,59200.2,0.00169,59197.99,0.0001,59200.42,0.05117,59197.51,0.04224,59201.07,0.05117,59196.0,0.083,59201.37,0.13115,59194.63,0.0034,59201.38,0.14322,59194.08,0.00018,59201.39,0.00169,59194.0,0.083,59201.76,0.23641,59193.11,0.00169,59201.83,0.05117,59192.7,0.04,59202.0,0.083,59192.54,0.09774,59202.24,0.04223,59192.11,0.19155,59202.53,0.0761,59192.07,0.05644,59202.57,0.00169,59192.0,0.083,59202.62,0.0763,59191.93,0.00169,59202.74,0.08925,59191.25,0.28638,59202.85,0.00016,59191.07,0.0043,59202.89,0.05117,59191.02,0.00016,59203.04,0.23192,59190.74,0.00169,59203.76,0.00169,2024-07-13 23:59:42.850000
90,59199.87,0.07462,59199.88,4.80833,59199.86,9e-05,59200.0,0.08318,59198.0,0.083,59200.2,0.00169,59197.99,0.0001,59200.42,0.05117,59197.51,0.04224,59201.07,0.05117,59196.0,0.083,59201.37,0.13115,59194.63,0.0034,59201.38,0.14322,59194.29,0.00169,59201.39,0.00169,59194.08,0.00018,59201.76,0.23641,59194.0,0.083,59201.83,0.05117,59193.11,0.00169,59202.0,0.083,59192.54,0.09774,59202.24,0.04223,59192.11,0.19155,59202.53,0.0761,59192.07,0.05644,59202.57,0.00169,59192.0,0.083,59202.62,0.0763,59191.93,0.00169,59202.74,0.08925,59191.25,0.28638,59202.85,0.00016,59191.07,0.0043,59202.89,0.05117,59191.02,0.00016,59203.04,0.23192,59190.74,0.00169,59203.76,0.00169,2024-07-13 23:59:42.950000
91,59199.87,0.35572,59199.88,4.80833,59199.86,9e-05,59200.0,0.08318,59198.0,0.083,59200.2,0.00169,59197.99,0.0001,59200.42,0.05117,59197.51,0.04224,59201.07,0.05117,59196.0,0.083,59201.37,0.13115,59194.63,0.0034,59201.38,0.14322,59194.29,0.00169,59201.39,0.00169,59194.08,0.00018,59201.76,0.23641,59194.0,0.083,59201.83,0.05117,59193.11,0.00169,59202.0,0.083,59192.54,0.09774,59202.24,0.04223,59192.11,0.19155,59202.4,0.08944,59192.07,0.05644,59202.53,0.0761,59192.0,0.083,59202.57,0.00169,59191.93,0.00169,59202.62,0.0763,59191.07,0.0043,59202.85,0.00016,59191.02,0.00016,59202.89,0.05117,59190.74,0.00169,59203.03,0.13917,59190.64,0.44941,59203.04,0.23192,2024-07-13 23:59:43.050000
92,59199.87,0.35572,59199.88,4.80833,59199.86,9e-05,59200.0,0.08318,59198.0,0.083,59200.2,0.00169,59197.99,0.0001,59200.29,0.05762,59197.51,0.04224,59200.42,0.05117,59196.0,0.083,59201.07,0.05117,59194.63,0.0034,59201.37,0.13115,59194.29,0.00169,59201.38,0.14322,59194.08,0.00018,59201.39,0.00169,59194.0,0.083,59201.76,0.23641,59193.11,0.00169,59201.83,0.05117,59192.54,0.09774,59202.0,0.083,59192.07,0.05644,59202.24,0.04223,59192.0,0.083,59202.38,0.08986,59191.93,0.00169,59202.53,0.0761,59191.07,0.0043,59202.57,0.00169,59191.02,0.00016,59202.62,0.0763,59190.74,0.00169,59202.85,0.00016,59190.64,0.44941,59202.89,0.05117,59190.63,0.0763,59203.03,0.13917,2024-07-13 23:59:43.150000
93,59199.87,0.35572,59199.88,4.80833,59199.86,9e-05,59200.0,0.08318,59198.0,0.083,59200.2,0.00169,59197.99,0.0001,59200.29,0.05762,59197.51,0.04224,59200.42,0.05117,59196.0,0.083,59201.07,0.05117,59194.63,0.0034,59201.37,0.13115,59194.29,0.00169,59201.38,0.14322,59194.08,0.00018,59201.39,0.00169,59194.0,0.083,59201.76,0.23641,59193.11,0.00169,59201.83,0.05117,59192.59,0.04918,59202.0,0.083,59192.54,0.09774,59202.24,0.04223,59192.07,0.05644,59202.38,0.08986,59192.0,0.083,59202.53,0.0761,59191.93,0.00169,59202.57,0.00169,59191.07,0.0043,59202.62,0.0763,59191.02,0.00016,59202.85,0.00016,59190.74,0.00169,59202.89,0.05117,59190.64,0.44941,59203.03,0.13917,2024-07-13 23:59:43.250000
94,59199.87,0.49202,59199.88,4.80833,59199.86,9e-05,59200.0,0.08318,59198.0,0.083,59200.2,0.00169,59197.99,0.0001,59200.29,0.05762,59197.51,0.04224,59200.42,0.05117,59196.0,0.083,59201.07,0.05117,59194.63,0.0034,59201.37,0.13115,59194.29,0.00169,59201.38,0.14322,59194.08,0.00018,59201.39,0.00169,59194.0,0.083,59201.76,0.23641,59193.11,0.00169,59201.83,0.05117,59192.59,0.04918,59202.0,0.083,59192.54,0.09774,59202.24,0.04223,59192.07,0.05644,59202.38,0.08986,59192.0,0.083,59202.53,0.0761,59191.93,0.00169,59202.57,0.00169,59191.07,0.0043,59202.62,0.0763,59191.02,0.00016,59202.85,0.00016,59190.74,0.00169,59202.89,0.05117,59190.64,0.44941,59203.03,0.13917,2024-07-13 23:59:43.350000
95,59199.87,0.35572,59199.88,4.80776,59199.86,9e-05,59200.0,0.08318,59198.0,0.083,59200.2,0.00169,59197.99,0.0001,59200.29,0.05762,59197.51,0.04224,59200.42,0.05117,59196.0,0.083,59201.07,0.05117,59194.63,0.0034,59201.37,0.13115,59194.29,0.00169,59201.38,0.14322,59194.08,0.00018,59201.39,0.00169,59194.0,0.083,59201.76,0.23641,59193.11,0.00169,59201.83,0.05117,59192.59,0.04918,59202.0,0.083,59192.54,0.09774,59202.24,0.04223,59192.07,0.05644,59202.38,0.08986,59192.0,0.083,59202.53,0.0761,59191.93,0.00169,59202.57,0.00169,59191.07,0.0043,59202.62,0.0763,59191.02,0.00016,59202.85,0.00016,59190.74,0.00169,59202.89,0.05117,59190.64,0.44941,59203.03,0.13917,2024-07-13 23:59:43.450000
96,59199.87,0.35572,59199.88,4.80776,59199.86,9e-05,59200.0,0.08318,59198.0,0.083,59200.2,0.00169,59197.99,0.0001,59200.29,0.05762,59197.51,0.04224,59200.42,0.05117,59196.0,0.083,59201.07,0.05117,59194.63,0.0034,59201.37,0.13115,59194.29,0.00169,59201.38,0.14322,59194.08,0.00018,59201.39,0.00169,59194.0,0.083,59201.76,0.23641,59193.11,0.00169,59201.83,0.05117,59192.59,0.04918,59202.0,0.083,59192.54,0.09774,59202.24,0.04223,59192.07,0.05644,59202.36,0.08935,59192.0,0.083,59202.53,0.0761,59191.93,0.00169,59202.57,0.00169,59191.07,0.0043,59202.62,0.0763,59191.02,0.00016,59202.85,0.00016,59190.74,0.00169,59202.89,0.05117,59190.64,0.44941,59203.03,0.13917,2024-07-13 23:59:43.550000
97,59199.87,0.27951,59199.88,4.80776,59199.86,9e-05,59200.0,0.08318,59198.0,0.083,59200.2,0.00169,59197.99,0.0001,59200.29,0.05762,59197.51,0.04224,59200.42,0.05117,59196.0,0.083,59201.07,0.05117,59194.63,0.0034,59201.37,0.13115,59194.29,0.00169,59201.38,0.14322,59194.08,0.00018,59201.39,0.00169,59194.0,0.083,59201.76,0.23641,59193.11,0.00169,59201.83,0.05117,59192.59,0.04918,59202.0,0.083,59192.54,0.09774,59202.24,0.04223,59192.07,0.05644,59202.25,0.09033,59192.0,0.083,59202.53,0.0761,59191.93,0.00169,59202.57,0.00169,59191.07,0.0043,59202.62,0.0763,59191.02,0.00016,59202.85,0.00016,59190.74,0.00169,59202.89,0.05117,59190.64,0.44941,59203.03,0.13917,2024-07-13 23:59:43.650000
98,59199.87,0.07471,59199.88,4.80776,59199.86,9e-05,59200.0,0.08318,59198.0,0.083,59200.2,0.00169,59197.99,0.0001,59200.29,0.05762,59197.51,0.04224,59200.42,0.05117,59196.0,0.083,59201.07,0.05117,59194.63,0.0034,59201.37,0.13115,59194.29,0.00169,59201.38,0.14322,59194.08,0.00018,59201.39,0.00169,59194.0,0.083,59201.76,0.23641,59193.11,0.00169,59201.83,0.05117,59192.59,0.04918,59202.0,0.083,59192.54,0.09774,59202.24,0.04223,59192.07,0.05644,59202.25,0.09033,59192.0,0.083,59202.53,0.0761,59191.93,0.00169,59202.57,0.00169,59191.07,0.0043,59202.62,0.0763,59191.02,0.00016,59202.85,0.00016,59190.74,0.00169,59202.89,0.05117,59190.64,0.44941,59203.03,0.13917,2024-07-13 23:59:43.750000
99,59199.87,0.07471,59199.88,4.80776,59199.86,9e-05,59200.0,0.08318,59198.0,0.083,59200.2,0.00169,59197.99,0.0001,59200.29,0.05762,59197.51,0.04224,59200.42,0.05117,59196.0,0.083,59201.07,0.05117,59194.63,0.0034,59201.37,0.13115,59194.29,0.00169,59201.38,0.14322,59194.08,0.00018,59201.39,0.00169,59194.0,0.083,59201.76,0.23641,59193.11,0.00169,59201.83,0.05117,59192.59,0.04918,59202.0,0.083,59192.54,0.09774,59202.1,0.08916,59192.07,0.05644,59202.24,0.04223,59192.0,0.083,59202.53,0.0761,59191.93,0.00169,59202.57,0.00169,59191.07,0.0043,59202.62,0.0763,59191.02,0.00016,59202.85,0.00016,59190.74,0.00169,59202.89,0.05117,59190.64,0.44941,59203.03,0.13917,2024-07-13 23:59:43.850000
100,59199.87,0.07471,59199.88,4.80776,59199.86,9e-05,59200.0,0.08318,59198.0,0.083,59200.2,0.00169,59197.99,0.0001,59200.29,0.05762,59197.51,0.04224,59200.42,0.05117,59196.0,0.083,59201.07,0.05117,59194.63,0.0034,59201.37,0.13115,59194.29,0.00169,59201.38,0.14322,59194.08,0.00018,59201.39,0.00169,59194.0,0.083,59201.76,0.23641,59193.11,0.00169,59201.83,0.05117,59192.59,0.04918,59202.0,0.083,59192.54,0.09774,59202.1,0.08916,59192.07,0.05644,59202.24,0.04223,59192.0,0.083,59202.53,0.0761,59191.93,0.00169,59202.57,0.00169,59191.07,0.0043,59202.62,0.0763,59191.02,0.00016,59202.85,0.00016,59190.74,0.00169,59202.89,0.05117,59190.64,0.44941,59203.03,0.13917,2024-07-13 23:59:43.950000
101,59199.87,0.07471,59199.88,4.80776,59199.86,9e-05,59200.0,0.08318,59198.0,0.083,59200.2,0.00169,59197.99,0.0001,59200.29,0.05762,59197.51,0.04224,59200.42,0.05117,59196.0,0.083,59201.07,0.05117,59194.63,0.0034,59201.37,0.13115,59194.29,0.00169,59201.38,0.14322,59194.08,0.00018,59201.39,0.00169,59194.0,0.083,59201.76,0.23641,59193.11,0.00169,59201.83,0.05117,59192.59,0.04918,59202.0,0.083,59192.54,0.09774,59202.1,0.08916,59192.07,0.05644,59202.24,0.04223,59192.0,0.083,59202.53,0.0761,59191.93,0.00169,59202.57,0.00169,59191.07,0.0043,59202.62,0.0763,59191.02,0.00016,59202.85,0.00016,59190.74,0.00169,59202.89,0.05117,59190.64,0.44941,59203.03,0.13917,2024-07-13 23:59:44.050000
102,59199.87,0.07471,59199.88,4.80776,59199.86,9e-05,59200.0,0.08318,59197.99,0.0001,59200.2,0.00169,59197.51,0.04224,59200.29,0.05762,59196.0,0.083,59200.42,0.05117,59194.63,0.0034,59201.07,0.05117,59194.29,0.00169,59201.37,0.13115,59194.08,0.00018,59201.38,0.14322,59194.0,0.083,59201.39,0.00169,59193.11,0.00169,59201.76,0.32554,59192.59,0.04918,59201.83,0.05117,59192.54,0.09774,59202.0,0.083,59192.07,0.05644,59202.24,0.04223,59192.0,0.083,59202.53,0.0761,59191.93,0.00169,59202.57,0.00169,59191.07,0.0043,59202.62,0.0763,59191.02,0.00016,59202.85,0.00016,59190.74,0.00169,59202.89,0.05117,59190.64,0.44941,59203.03,0.13917,59190.63,0.0763,59203.04,0.23192,2024-07-13 23:59:44.150000
103,59199.87,0.07471,59199.88,4.80776,59197.99,0.0001,59200.0,0.08318,59197.98,9e-05,59200.2,0.00169,59197.97,9e-05,59200.29,0.05762,59197.51,0.04224,59200.42,0.05117,59196.0,0.083,59201.07,0.05117,59194.63,0.0034,59201.12,0.08958,59194.29,0.00169,59201.37,0.13115,59194.08,0.00018,59201.38,0.14322,59194.06,0.04927,59201.39,0.00169,59194.0,0.083,59201.76,0.23641,59193.11,0.00169,59201.83,0.05117,59192.54,0.09774,59202.0,0.083,59192.07,0.05644,59202.24,0.04223,59192.0,0.083,59202.53,0.0761,59191.93,0.00169,59202.57,0.00169,59191.07,0.0043,59202.62,0.0763,59191.02,0.00016,59202.85,0.00016,59190.74,0.00169,59202.89,0.05117,59190.64,0.44941,59203.03,0.13917,2024-07-13 23:59:44.250000
104,59199.87,0.07471,59199.88,4.80776,59197.99,0.0001,59200.0,0.08318,59197.95,9e-05,59200.2,0.00169,59197.94,9e-05,59200.29,0.05762,59197.51,0.04224,59200.42,0.05117,59196.0,0.083,59201.07,0.05117,59194.63,0.0034,59201.09,0.0893,59194.29,0.00169,59201.37,0.13115,59194.08,0.00018,59201.38,0.14322,59194.06,0.04927,59201.39,0.00169,59194.0,0.083,59201.76,0.23641,59193.11,0.00169,59201.83,0.05117,59192.54,0.09774,59202.0,0.083,59192.07,0.05644,59202.24,0.04223,59192.0,0.083,59202.53,0.0761,59191.93,0.00169,59202.57,0.00169,59191.07,0.0043,59202.62,0.0763,59191.02,0.00016,59202.85,0.00016,59190.74,0.00169,59202.89,0.05117,59190.64,0.44941,59203.03,0.13917,2024-07-13 23:59:44.350000
105,59199.87,0.07471,59199.88,4.80776,59197.99,0.0001,59200.0,0.08318,59197.92,9e-05,59200.2,0.00169,59197.91,9e-05,59200.29,0.05762,59197.51,0.04224,59200.42,0.05117,59196.0,0.083,59200.97,0.09026,59194.63,0.0034,59201.07,0.05117,59194.29,0.00169,59201.37,0.13115,59194.08,0.00018,59201.38,0.14322,59194.06,0.04927,59201.39,0.00169,59194.0,0.083,59201.76,0.23641,59193.11,0.00169,59201.83,0.05117,59192.54,0.09774,59202.0,0.083,59192.07,0.05644,59202.24,0.04223,59192.0,0.083,59202.53,0.0761,59191.93,0.00169,59202.57,0.00169,59191.07,0.0043,59202.62,0.0763,59191.02,0.00016,59202.85,0.00016,59190.74,0.00169,59202.89,0.05117,59190.64,0.44941,59203.03,0.13917,2024-07-13 23:59:44.451000
106,59199.87,0.07471,59199.88,4.83497,59197.99,0.0001,59200.0,0.08318,59197.89,9e-05,59200.2,0.00169,59197.88,9e-05,59200.29,0.05762,59197.51,0.04224,59200.42,0.05117,59196.0,0.083,59200.95,0.08937,59194.63,0.0034,59201.07,0.05117,59194.29,0.00169,59201.37,0.13115,59194.08,0.00018,59201.38,0.14322,59194.06,0.04927,59201.39,0.00169,59194.0,0.083,59201.76,0.23641,59193.11,0.00169,59201.83,0.05117,59192.54,0.09774,59202.0,0.083,59192.07,0.05644,59202.24,0.04223,59192.0,0.083,59202.53,0.0761,59191.93,0.00169,59202.57,0.00169,59191.07,0.0043,59202.62,0.0763,59191.02,0.00016,59202.85,0.00016,59190.74,0.00169,59202.89,0.05117,59190.64,0.44941,59203.03,0.13917,2024-07-13 23:59:44.551000
107,59199.87,0.07471,59199.88,4.83497,59197.99,0.0001,59200.0,0.08318,59197.86,9e-05,59200.2,0.00169,59197.85,9e-05,59200.29,0.05762,59197.51,0.04224,59200.42,0.05117,59196.0,0.083,59200.82,0.08925,59194.63,0.0034,59201.07,0.05117,59194.29,0.00169,59201.37,0.13115,59194.08,0.00018,59201.38,0.14322,59194.06,0.04927,59201.39,0.00169,59194.0,0.083,59201.76,0.23641,59193.11,0.00169,59201.83,0.05117,59192.54,0.09774,59202.0,0.083,59192.07,0.05644,59202.24,0.04223,59192.0,0.083,59202.53,0.0761,59191.93,0.00169,59202.57,0.00169,59191.07,0.0043,59202.62,0.0763,59191.02,0.00016,59202.85,0.00016,59190.74,0.00169,59202.89,0.05117,59190.64,0.44941,59203.03,0.13917,2024-07-13 23:59:44.651000
108,59199.87,0.07471,59199.88,4.83497,59197.99,0.0001,59200.0,0.08318,59197.82,9e-05,59200.2,0.00169,59197.81,9e-05,59200.29,0.05762,59197.51,0.04224,59200.42,0.05117,59196.0,0.083,59200.78,0.09021,59194.63,0.0034,59201.07,0.05117,59194.29,0.00169,59201.37,0.13115,59194.08,0.00018,59201.38,0.14322,59194.06,0.04927,59201.39,0.00169,59194.0,0.083,59201.76,0.23641,59193.11,0.00169,59201.83,0.05117,59192.54,0.09774,59202.0,0.083,59192.07,0.05644,59202.24,0.04223,59192.0,0.083,59202.53,0.0761,59191.93,0.00169,59202.57,0.00169,59191.07,0.0043,59202.62,0.0763,59191.02,0.00016,59202.85,0.00016,59190.74,0.00169,59202.89,0.05117,59190.64,0.44941,59203.03,0.13917,2024-07-13 23:59:44.751000
109,59199.87,0.07471,59199.88,4.83497,59197.99,0.0001,59200.0,0.08318,59197.79,9e-05,59200.2,0.00169,59197.78,9e-05,59200.29,0.05762,59197.51,0.04224,59200.42,0.05117,59196.0,0.083,59200.63,0.09048,59194.63,0.0034,59201.07,0.05117,59194.29,0.00169,59201.37,0.13115,59194.08,0.00018,59201.38,0.14322,59194.06,0.04927,59201.39,0.00169,59194.0,0.083,59201.76,0.23641,59193.11,0.00169,59201.83,0.05117,59192.54,0.09774,59202.0,0.083,59192.07,0.05644,59202.24,0.04223,59192.0,0.083,59202.53,0.0761,59191.93,0.00169,59202.57,0.00169,59191.07,0.0043,59202.62,0.0763,59191.02,0.00016,59202.85,0.00016,59190.74,0.00169,59202.89,0.05117,59190.64,0.44941,59203.03,0.13917,2024-07-13 23:59:44.851000
110,59199.87,0.07471,59199.88,4.83497,59197.99,0.0001,59200.0,0.08318,59197.76,9e-05,59200.2,0.00169,59197.75,9e-05,59200.29,0.05762,59197.51,0.04224,59200.42,0.05117,59196.0,0.083,59200.63,0.09048,59194.63,0.0034,59201.07,0.05117,59194.29,0.00169,59201.37,0.13115,59194.08,0.00018,59201.38,0.14322,59194.06,0.04927,59201.39,0.00169,59194.0,0.083,59201.76,0.23641,59193.11,0.00169,59201.83,0.05117,59192.54,0.09774,59202.0,0.083,59192.07,0.05644,59202.24,0.04223,59192.0,0.083,59202.53,0.0761,59191.93,0.00169,59202.57,0.00169,59191.07,0.0043,59202.62,0.0763,59191.02,0.00016,59202.85,0.00016,59190.74,0.00169,59202.89,0.05117,59190.64,0.44941,59203.03,0.13917,2024-07-13 23:59:44.951000
111,59199.87,0.07471,59199.88,4.83497,59197.99,0.0001,59200.0,0.08318,59197.73,9e-05,59200.2,0.00169,59197.72,9e-05,59200.29,0.05762,59197.51,0.04224,59200.42,0.05117,59196.0,0.083,59200.5,0.09037,59194.63,0.0034,59201.07,0.05117,59194.29,0.00169,59201.37,0.13115,59194.08,0.00018,59201.38,0.14322,59194.06,0.04927,59201.39,0.00169,59194.0,0.083,59201.76,0.23641,59193.11,0.00169,59201.83,0.05117,59192.54,0.09774,59202.0,0.083,59192.07,0.05644,59202.24,0.04223,59192.0,0.083,59202.53,0.0761,59191.93,0.00169,59202.57,0.00169,59191.07,0.0043,59202.62,0.0763,59191.02,0.00016,59202.85,0.00016,59190.74,0.00169,59202.89,0.05117,59190.64,0.44941,59203.03,0.13917,2024-07-13 23:59:45.051000
112,59199.87,0.07471,59199.88,4.83497,59197.99,0.0001,59200.0,0.08318,59197.7,9e-05,59200.2,0.00169,59197.69,9e-05,59200.29,0.05762,59197.51,0.04224,59200.42,0.05117,59196.0,0.083,59200.5,0.09037,59194.63,0.0034,59201.07,0.05117,59194.29,0.00169,59201.37,0.13115,59194.08,0.00018,59201.38,0.14322,59194.06,0.04927,59201.39,0.00169,59194.0,0.083,59201.76,0.23641,59193.11,0.00169,59201.83,0.05117,59192.54,0.09774,59202.0,0.083,59192.07,0.05644,59202.24,0.04223,59192.0,0.083,59202.53,0.0761,59191.93,0.00169,59202.57,0.00169,59191.07,0.0043,59202.62,0.0763,59191.02,0.00016,59202.85,0.00016,59190.74,0.00169,59202.89,0.05117,59190.64,0.44941,59203.03,0.13917,2024-07-13 23:59:45.151000
113,59199.87,0.07471,59199.88,4.83497,59197.99,0.0001,59200.0,0.08318,59197.67,9e-05,59200.2,0.00169,59197.51,0.04224,59200.29,0.05762,59196.0,0.083,59200.37,0.09008,59194.63,0.0034,59200.42,0.05117,59194.29,0.00169,59201.07,0.05117,59194.08,0.00018,59201.37,0.13115,59194.06,0.04927,59201.38,0.14322,59194.0,0.083,59201.39,0.00169,59193.11,0.00169,59201.76,0.23641,59192.54,0.09774,59201.83,0.05117,59192.07,0.05644,59202.0,0.083,59192.0,0.083,59202.24,0.04223,59191.93,0.00169,59202.53,0.0761,59191.07,0.0043,59202.57,0.00169,59191.02,0.00016,59202.62,0.0763,59190.74,0.00169,59202.85,0.00016,59190.64,0.44941,59202.89,0.05117,59190.63,0.0763,59203.03,0.13917,2024-07-13 23:59:45.251000
114,59199.87,0.21101,59199.88,4.83497,59197.99,0.0001,59200.0,0.08318,59197.96,9e-05,59200.2,0.00169,59197.64,9e-05,59200.29,0.05762,59197.51,0.04224,59200.37,0.09008,59196.0,0.083,59200.42,0.05117,59194.63,0.0034,59201.07,0.05117,59194.29,0.00169,59201.37,0.13115,59194.08,0.00018,59201.38,0.14322,59194.06,0.04927,59201.39,0.00169,59194.0,0.083,59201.76,0.23641,59193.11,0.00169,59201.83,0.05117,59192.54,0.09774,59202.0,0.083,59192.07,0.05644,59202.24,0.04223,59192.0,0.083,59202.53,0.0761,59191.93,0.00169,59202.57,0.00169,59191.07,0.0043,59202.62,0.0763,59191.02,0.00016,59202.85,0.00016,59190.74,0.00169,59202.89,0.05117,59190.64,0.44941,59203.03,0.13917,2024-07-13 23:59:45.351000
115,59199.87,0.21101,59199.88,4.83497,59197.99,0.0001,59200.0,0.08318,59197.94,9e-05,59200.2,0.00169,59197.62,9e-05,59200.29,0.05762,59197.51,0.04224,59200.37,0.09008,59196.0,0.083,59200.42,0.05117,59194.63,0.0034,59201.07,0.05117,59194.29,0.00169,59201.37,0.13115,59194.08,0.00018,59201.38,0.14322,59194.06,0.04927,59201.39,0.00169,59194.0,0.083,59201.76,0.23641,59193.11,0.00169,59201.83,0.05117,59192.54,0.09774,59202.0,0.083,59192.07,0.05644,59202.24,0.04223,59192.0,0.083,59202.53,0.0761,59191.93,0.00169,59202.57,0.00169,59191.07,0.0043,59202.62,0.0763,59191.02,0.00016,59202.85,0.00016,59190.74,0.00169,59202.89,0.05117,59190.64,0.44941,59203.03,0.13917,2024-07-13 23:59:45.451000
116,59199.87,0.49211,59199.88,4.83497,59197.99,0.0001,59200.0,0.08318,59197.92,9e-05,59200.2,0.00169,59197.6,9e-05,59200.29,0.05762,59197.51,0.04224,59200.37,0.09008,59196.0,0.083,59200.42,0.05117,59194.63,0.0034,59201.07,0.05117,59194.29,0.00169,59201.37,0.13115,59194.08,0.00018,59201.38,0.14322,59194.06,0.04927,59201.39,0.00169,59194.0,0.083,59201.76,0.23641,59193.11,0.00169,59201.83,0.05117,59192.54,0.09774,59202.0,0.083,59192.07,0.05644,59202.24,0.04223,59192.0,0.083,59202.53,0.0761,59191.93,0.00169,59202.57,0.00169,59191.07,0.0043,59202.62,0.0763,59191.02,0.00016,59202.85,0.00016,59190.74,0.00169,59202.89,0.05117,59190.64,0.44941,59203.03,0.13917,2024-07-13 23:59:45.551000
117,59199.87,0.53419,59199.88,4.83497,59197.99,0.0001,59200.0,0.08318,59197.98,9e-05,59200.2,0.00169,59197.97,9e-05,59200.29,0.05762,59197.51,0.04224,59200.37,0.09008,59196.0,0.083,59200.42,0.05117,59194.63,0.0034,59201.07,0.05117,59194.29,0.00169,59201.37,0.13115,59194.08,0.00018,59201.38,0.14322,59194.06,0.04927,59201.39,0.00169,59194.0,0.083,59201.76,0.23641,59193.11,0.00169,59201.83,0.05117,59192.61,0.23645,59202.0,0.083,59192.54,0.09774,59202.24,0.04223,59192.07,0.05644,59202.53,0.0761,59192.0,0.083,59202.57,0.00169,59191.93,0.00169,59202.62,0.0763,59191.07,0.0043,59202.85,0.00016,59191.02,0.00016,59202.89,0.05117,59190.74,0.00169,59203.03,0.13917,2024-07-13 23:59:45.651000
118,59199.87,0.53419,59199.88,4.83497,59197.99,0.0001,59200.0,0.08318,59197.95,9e-05,59200.2,0.00169,59197.51,0.04224,59200.29,0.05762,59196.0,0.083,59200.42,0.05117,59195.73,0.01666,59201.07,0.05117,59194.63,0.0034,59201.37,0.13115,59194.29,0.00169,59201.38,0.14322,59194.08,0.00018,59201.39,0.00169,59194.06,0.04927,59201.76,0.23641,59194.0,0.083,59201.83,0.05117,59193.11,0.00169,59202.0,0.083,59193.03,0.09061,59202.24,0.04223,59192.61,0.23645,59202.53,0.0761,59192.07,0.05644,59202.57,0.00169,59192.0,0.083,59202.62,0.0763,59191.93,0.00169,59202.85,0.00016,59191.07,0.0043,59202.89,0.05117,59191.02,0.00016,59203.03,0.13917,59190.74,0.00169,59203.04,0.23192,2024-07-13 23:59:45.751000
119,59199.87,1.66303,59199.88,2.54351,59198.24,0.09604,59200.0,0.08318,59198.0,0.083,59200.02,9e-05,59197.99,0.0001,59200.2,0.00169,59197.51,0.04224,59201.37,0.13115,59197.36,0.09001,59201.38,0.14322,59196.0,0.083,59201.39,0.00169,59194.71,0.28136,59201.76,0.23641,59194.67,0.04966,59202.0,0.083,59194.63,0.0034,59202.24,0.04223,59194.29,0.00169,59202.53,0.0761,59194.08,0.00018,59202.57,0.00169,59194.0,0.083,59202.62,0.0763,59193.11,0.00169,59202.85,0.00016,59192.07,0.05644,59203.03,0.13917,59192.0,0.083,59203.76,0.00169,59191.93,0.00169,59204.0,0.123,59191.07,0.0043,59204.12,0.05753,59191.02,0.00016,59204.91,0.04222,59190.74,0.00169,59204.94,0.00169,2024-07-13 23:59:45.851000
120,59199.87,1.93371,59199.88,2.31952,59198.24,0.09604,59200.0,0.08318,59198.0,0.083,59200.05,9e-05,59197.99,0.0001,59200.2,0.00169,59197.51,0.04224,59201.37,0.13115,59197.37,0.09052,59201.38,0.14322,59196.0,0.083,59201.39,0.00169,59194.72,0.20179,59201.76,0.23641,59194.71,0.28136,59202.0,0.083,59194.63,0.0034,59202.24,0.04223,59194.29,0.00169,59202.53,0.0761,59194.27,0.00405,59202.57,0.00169,59194.08,0.00018,59202.62,0.0763,59194.0,0.083,59202.85,0.00016,59193.11,0.00169,59203.76,0.00169,59192.08,0.04983,59203.99,0.07387,59192.07,0.05644,59204.0,0.123,59192.0,0.083,59204.91,0.04222,59191.93,0.00169,59204.94,0.00169,59191.07,0.0043,59205.12,0.00018,2024-07-13 23:59:45.951000
121,59199.87,2.15704,59199.88,2.19795,59198.24,0.09604,59200.0,0.08318,59198.0,0.083,59200.07,9e-05,59197.99,0.0001,59200.2,0.00169,59197.51,0.04224,59201.37,0.13115,59197.49,0.08949,59201.38,0.14322,59196.0,0.083,59201.39,0.00169,59194.72,0.20179,59201.76,0.23641,59194.71,0.28136,59202.0,0.083,59194.63,0.0034,59202.24,0.04223,59194.29,0.00169,59202.53,0.0761,59194.27,0.00405,59202.57,0.00169,59194.08,0.00018,59202.62,0.0763,59194.0,0.083,59202.85,0.00016,59193.11,0.00169,59203.76,0.00169,59192.08,0.04983,59204.0,0.123,59192.07,0.05644,59204.9,0.16243,59192.0,0.083,59204.94,0.00169,59191.93,0.00169,59204.98,0.2209,59191.07,0.0043,59205.12,0.00018,2024-07-13 23:59:46.051000
122,59199.87,2.15704,59199.88,2.19795,59198.24,0.09604,59200.0,0.08318,59198.0,0.083,59200.1,9e-05,59197.99,0.0001,59200.2,0.00169,59197.68,0.09056,59201.37,0.13115,59197.51,0.04224,59201.38,0.14322,59196.99,0.05674,59201.39,0.00169,59196.0,0.083,59201.76,0.23641,59194.72,0.20179,59202.0,0.083,59194.71,0.28136,59202.24,0.04223,59194.63,0.0034,59202.53,0.0761,59194.29,0.00169,59202.57,0.00169,59194.27,0.00405,59202.62,0.0763,59194.08,0.00018,59202.85,0.00016,59194.0,0.083,59203.76,0.00169,59193.11,0.00169,59204.0,0.123,59192.08,0.04983,59204.9,0.16243,59192.07,0.05644,59204.94,0.00169,59192.0,0.083,59204.98,0.2209,59191.93,0.00169,59205.12,0.00018,2024-07-13 23:59:46.151000
123,59199.87,2.15704,59199.88,2.19795,59198.24,0.09604,59200.0,0.08318,59198.0,0.083,59200.13,9e-05,59197.99,0.0001,59200.2,0.00169,59197.68,0.09056,59201.37,0.13115,59197.51,0.04224,59201.38,0.14322,59196.99,0.05674,59201.39,0.00169,59196.0,0.083,59201.76,0.23641,59194.72,0.20179,59202.0,0.083,59194.71,0.28136,59202.24,0.04223,59194.63,0.0034,59202.53,0.0761,59194.29,0.00169,59202.57,0.00169,59194.27,0.00405,59202.62,0.0763,59194.08,0.00018,59202.85,0.00016,59194.0,0.083,59203.76,0.00169,59193.11,0.00169,59204.0,0.123,59192.08,0.04983,59204.9,0.16243,59192.07,0.05644,59204.94,0.00169,59192.0,0.083,59204.98,0.2209,59191.93,0.00169,59205.12,0.00018,2024-07-13 23:59:46.251000
124,59199.87,2.15704,59199.88,2.19795,59198.24,0.09604,59200.0,0.08318,59198.0,0.083,59200.2,0.00169,59197.99,0.0001,59200.21,9e-05,59197.68,0.09056,59201.37,0.13115,59197.51,0.04224,59201.38,0.14322,59196.99,0.05674,59201.39,0.00169,59196.0,0.083,59201.76,0.23641,59194.72,0.20179,59202.0,0.083,59194.71,0.28136,59202.24,0.04223,59194.63,0.0034,59202.53,0.0761,59194.29,0.00169,59202.57,0.00169,59194.27,0.00405,59202.62,0.0763,59194.08,0.00018,59202.85,0.00016,59194.0,0.083,59203.76,0.00169,59193.11,0.00169,59204.0,0.123,59192.08,0.04983,59204.9,0.16243,59192.07,0.05644,59204.94,0.00169,59192.0,0.083,59204.98,0.2209,59191.93,0.00169,59205.12,0.00018,2024-07-13 23:59:46.351000
125,59199.87,2.15695,59199.88,2.19795,59198.24,0.09604,59200.0,0.08318,59198.04,0.08924,59200.2,0.00169,59198.0,0.083,59200.21,9e-05,59197.99,0.0001,59201.37,0.13115,59197.51,0.04224,59201.38,0.14322,59196.99,0.05674,59201.39,0.00169,59196.0,0.083,59201.76,0.23641,59194.72,0.20179,59202.0,0.083,59194.71,0.28136,59202.24,0.04223,59194.63,0.0034,59202.53,0.0761,59194.29,0.00169,59202.57,0.00169,59194.27,0.00405,59202.62,0.0763,59194.08,0.00018,59202.85,0.00016,59194.0,0.083,59203.76,0.00169,59193.11,0.00169,59204.0,0.123,59192.7,0.04,59204.9,0.16243,59192.08,0.04983,59204.94,0.00169,59192.07,0.05644,59204.98,0.2209,59192.0,0.083,59205.12,0.00018,2024-07-13 23:59:46.451000
126,59199.87,2.15695,59199.88,1.59156,59199.19,0.00018,59200.0,0.08318,59198.25,0.09069,59200.2,0.00169,59198.24,0.09604,59200.21,9e-05,59198.0,0.083,59201.37,0.13115,59197.99,0.0001,59201.38,0.14322,59197.51,0.04224,59201.39,0.00169,59196.99,0.05674,59201.76,0.23641,59196.0,0.083,59202.0,0.083,59195.3,0.06423,59202.24,0.04223,59194.72,0.20179,59202.53,0.0761,59194.71,0.28136,59202.57,0.00169,59194.63,0.0034,59202.62,0.0763,59194.29,0.00169,59202.85,0.00016,59194.27,0.00405,59203.76,0.00169,59194.08,0.00018,59204.0,0.123,59194.0,0.083,59204.9,0.16243,59193.11,0.00169,59204.94,0.00169,59192.7,0.04,59204.98,0.2209,59192.08,0.04983,59205.12,0.00018,2024-07-13 23:59:46.551000
127,59199.87,2.15695,59199.88,1.59156,59199.19,0.00018,59200.0,0.08318,59198.25,0.09069,59200.2,0.00169,59198.24,0.09604,59200.21,9e-05,59198.0,0.083,59201.37,0.13115,59197.99,0.0001,59201.38,0.14322,59197.51,0.04224,59201.39,0.00169,59196.99,0.05674,59201.76,0.23641,59196.0,0.083,59202.0,0.083,59195.3,0.06423,59202.24,0.04223,59194.72,0.20179,59202.53,0.0761,59194.71,0.28136,59202.57,0.00169,59194.63,0.0034,59202.62,0.0763,59194.29,0.00169,59202.85,0.00016,59194.27,0.00405,59203.76,0.00169,59194.08,0.00018,59204.0,0.083,59194.0,0.083,59204.9,0.16243,59193.11,0.00169,59204.94,0.00169,59192.7,0.04,59204.98,0.2209,59192.08,0.04983,59205.12,0.00018,2024-07-13 23:59:46.651000
128,59199.87,2.15695,59199.88,1.59156,59199.19,0.00018,59200.0,0.08318,59198.46,0.09059,59200.2,0.00169,59198.26,0.18727,59200.21,9e-05,59198.24,0.09604,59201.37,0.33324,59198.0,0.083,59201.38,0.14322,59197.99,0.0001,59201.39,0.00169,59197.51,0.04224,59201.76,0.23641,59196.99,0.05674,59202.0,0.083,59196.0,0.083,59202.24,0.04223,59195.3,0.06423,59202.53,0.0761,59194.72,0.14064,59202.57,0.00169,59194.71,0.28136,59202.62,0.0763,59194.63,0.0034,59202.85,0.00016,59194.29,0.00169,59203.76,0.00169,59194.27,0.00405,59204.0,0.083,59194.08,0.00018,59204.9,0.16243,59194.0,0.083,59204.94,0.00169,59193.11,0.00169,59204.98,0.2209,59192.7,0.04,59205.12,0.00018,2024-07-13 23:59:46.752000
129,59199.87,3.54467,59199.88,1.59156,59199.32,0.04968,59200.0,0.08318,59199.19,0.00018,59200.2,0.00169,59198.58,0.08969,59200.21,9e-05,59198.24,0.09604,59201.38,0.14322,59198.0,0.083,59201.39,0.00169,59197.99,0.0001,59201.76,0.23641,59197.51,0.04224,59202.0,0.083,59196.99,0.05674,59202.24,0.04223,59196.0,0.083,59202.52,0.06374,59195.3,0.06423,59202.53,0.0761,59194.72,0.14064,59202.57,0.00169,59194.71,0.28136,59202.62,0.0763,59194.63,0.0034,59202.85,0.00016,59194.29,0.00169,59203.76,0.00169,59194.27,0.00405,59204.0,0.083,59194.08,0.00018,59204.9,0.16243,59194.0,0.083,59204.94,0.00169,59193.11,0.00169,59204.98,0.2209,59192.7,0.04,59205.12,0.00018,2024-07-13 23:59:46.852000
130,59199.87,3.54467,59199.88,1.59156,59199.32,0.04968,59200.0,0.08318,59199.19,0.00018,59200.2,0.00169,59198.58,0.08969,59200.21,9e-05,59198.24,0.09604,59201.37,0.34967,59198.0,0.083,59201.38,0.14322,59197.99,0.0001,59201.39,0.00169,59197.51,0.04224,59201.76,0.23641,59196.99,0.05674,59202.0,0.083,59196.0,0.083,59202.24,0.04223,59195.3,0.06423,59202.53,0.0761,59194.72,0.14064,59202.57,0.00169,59194.71,0.28136,59202.62,0.0763,59194.63,0.0034,59202.85,0.00016,59194.29,0.00169,59203.76,0.00169,59194.27,0.00405,59204.0,0.083,59194.08,0.00018,59204.9,0.16243,59194.0,0.083,59204.94,0.00169,59193.11,0.00169,59204.98,0.2209,59192.7,0.04,59205.12,0.00018,2024-07-13 23:59:46.952000
131,59199.87,3.54467,59199.88,1.59156,59199.32,0.04968,59200.0,0.08318,59199.19,0.00018,59200.2,0.00169,59198.58,0.08969,59200.21,9e-05,59198.24,0.09604,59201.37,0.34967,59198.0,0.083,59201.38,0.14322,59197.99,0.0001,59201.39,0.00169,59197.51,0.04224,59201.76,0.23641,59196.99,0.05674,59202.0,0.083,59196.0,0.083,59202.24,0.04223,59195.3,0.06423,59202.53,0.0761,59194.72,0.14064,59202.57,0.00169,59194.71,0.28136,59202.62,0.0763,59194.63,0.0034,59202.85,0.00016,59194.29,0.00169,59203.76,0.00169,59194.27,0.00405,59204.0,0.083,59194.08,0.00018,59204.9,0.16243,59194.0,0.083,59204.94,0.00169,59193.11,0.00169,59204.98,0.2209,59192.7,0.04,59205.12,0.00018,2024-07-13 23:59:47.052000
132,59199.87,3.54467,59199.88,1.59156,59199.32,0.04968,59200.0,0.08318,59199.19,0.00018,59200.2,0.00169,59198.58,0.08969,59200.21,9e-05,59198.24,0.09604,59201.37,0.34967,59198.0,0.083,59201.38,0.14322,59197.99,0.0001,59201.39,0.00169,59197.51,0.04224,59201.76,0.23641,59196.99,0.05674,59202.0,0.083,59196.0,0.083,59202.24,0.04223,59195.3,0.06423,59202.53,0.0761,59194.72,0.14064,59202.57,0.00169,59194.71,0.28136,59202.62,0.0763,59194.63,0.0034,59202.85,0.00016,59194.29,0.00169,59203.76,0.00169,59194.27,0.00405,59204.0,0.083,59194.08,0.00018,59204.9,0.16243,59194.0,0.083,59204.94,0.00169,59193.11,0.00169,59204.98,0.2209,59192.7,0.04,59205.12,0.00018,2024-07-13 23:59:47.152000
133,59199.87,3.54262,59199.88,1.59156,59199.32,0.04968,59200.0,0.08318,59199.19,0.00018,59200.2,0.00169,59198.58,0.08969,59200.21,9e-05,59198.24,0.09604,59201.37,0.34967,59198.0,0.083,59201.38,0.14322,59197.99,0.0001,59201.39,0.00169,59197.51,0.04224,59201.76,0.23641,59196.99,0.05674,59202.0,0.083,59196.0,0.083,59202.24,0.04223,59195.3,0.06423,59202.53,0.0761,59194.72,0.14064,59202.57,0.00169,59194.71,0.28136,59202.62,0.0763,59194.63,0.0034,59202.85,0.00016,59194.29,0.00169,59203.76,0.00169,59194.27,0.00405,59204.0,0.083,59194.08,0.00018,59204.9,0.16243,59194.0,0.083,59204.94,0.00169,59193.11,0.00169,59204.98,0.2209,59192.7,0.04,59205.12,0.00018,2024-07-13 23:59:47.252000
134,59199.87,3.54262,59199.88,1.59156,59199.32,0.04968,59200.0,0.08318,59199.19,0.00018,59200.2,0.00169,59198.58,0.08969,59200.21,9e-05,59198.24,0.09604,59201.37,0.34967,59198.0,0.083,59201.38,0.14322,59197.99,0.0001,59201.39,0.00169,59197.51,0.04224,59201.76,0.23641,59196.99,0.05674,59202.0,0.083,59196.0,0.083,59202.24,0.04223,59195.3,0.06423,59202.53,0.0761,59194.72,0.14064,59202.57,0.00169,59194.71,0.28136,59202.62,0.0763,59194.63,0.0034,59202.85,0.00016,59194.29,0.00169,59203.76,0.00169,59194.27,0.00405,59204.0,0.083,59194.08,0.00018,59204.9,0.16243,59194.0,0.083,59204.94,0.00169,59193.11,0.00169,59204.98,0.2209,59192.7,0.04,59205.12,0.00018,2024-07-13 23:59:47.352000
135,59199.87,3.54262,59199.88,1.59156,59199.32,0.04968,59200.0,0.08318,59199.19,0.00018,59200.2,0.00169,59198.58,0.08969,59200.21,9e-05,59198.24,0.09604,59201.37,0.34967,59198.0,0.083,59201.38,0.14322,59197.99,0.0001,59201.39,0.00169,59197.86,0.23643,59201.76,0.23641,59197.51,0.04224,59202.0,0.083,59196.99,0.05674,59202.24,0.04223,59196.0,0.083,59202.53,0.0761,59195.3,0.06423,59202.57,0.00169,59194.72,0.14064,59202.62,0.0763,59194.71,0.28136,59202.85,0.00016,59194.63,0.0034,59203.76,0.00169,59194.29,0.00169,59204.0,0.083,59194.27,0.00405,59204.9,0.16243,59194.08,0.00018,59204.94,0.00169,59194.0,0.083,59204.98,0.2209,59193.11,0.00169,59205.12,0.00018,2024-07-13 23:59:47.452000
136,59199.87,3.54262,59199.88,1.59156,59199.32,0.04968,59200.0,0.08318,59199.19,0.00018,59200.2,0.00169,59198.58,0.08969,59200.21,9e-05,59198.24,0.09604,59201.37,0.34967,59198.0,0.083,59201.38,0.14322,59197.99,0.0001,59201.39,0.00169,59197.86,0.23643,59201.76,0.23641,59197.51,0.04224,59202.0,0.083,59196.99,0.05674,59202.24,0.04223,59196.0,0.083,59202.53,0.0761,59195.3,0.06423,59202.57,0.00169,59194.72,0.14064,59202.62,0.0763,59194.71,0.28136,59202.85,0.00016,59194.63,0.0034,59203.76,0.00169,59194.29,0.00169,59204.0,0.083,59194.27,0.00405,59204.9,0.16243,59194.08,0.00018,59204.94,0.00169,59194.0,0.083,59204.98,0.2209,59193.11,0.00169,59205.12,0.00018,2024-07-13 23:59:47.552000
137,59199.87,3.54262,59199.88,1.59156,59199.32,0.04968,59200.0,0.08318,59199.19,0.00018,59200.2,0.00169,59198.58,0.08969,59200.21,9e-05,59198.24,0.09604,59201.37,0.34967,59198.0,0.083,59201.38,0.14322,59197.99,0.0001,59201.39,0.00169,59197.86,0.23643,59201.76,0.23641,59197.51,0.04224,59202.0,0.083,59196.99,0.05674,59202.24,0.04223,59196.0,0.083,59202.53,0.0761,59195.3,0.06423,59202.57,0.00169,59194.72,0.14064,59202.62,0.0763,59194.71,0.28136,59202.85,0.00016,59194.63,0.0034,59203.76,0.00169,59194.29,0.00169,59204.0,0.083,59194.27,0.00405,59204.9,0.16243,59194.08,0.00018,59204.94,0.00169,59194.0,0.083,59204.98,0.2209,59193.11,0.00169,59205.12,0.00018,2024-07-13 23:59:47.652000
138,59199.87,1.62109,59199.88,3.15293,59199.32,0.04968,59200.0,0.08318,59199.31,9e-05,59200.2,0.00169,59199.19,0.00018,59200.21,9e-05,59198.24,0.09604,59201.37,0.34967,59198.0,0.083,59201.38,0.14322,59197.99,0.0001,59201.39,0.00169,59197.86,0.23643,59201.76,0.23641,59197.51,0.04224,59202.0,0.083,59196.99,0.05674,59202.24,0.04223,59196.0,0.083,59202.53,0.0761,59195.3,0.06423,59202.57,0.00169,59194.72,0.14064,59202.62,0.0763,59194.71,0.28136,59202.85,0.00016,59194.63,0.0034,59203.76,0.00169,59194.29,0.00169,59204.0,0.083,59194.27,0.00405,59204.9,0.16243,59194.08,0.00018,59204.94,0.00169,59194.0,0.083,59205.12,0.00018,59193.11,0.00169,59205.27,0.27072,2024-07-13 23:59:47.752000
139,59199.87,1.62109,59199.88,3.15293,59199.32,0.04968,59200.0,0.08318,59199.28,9e-05,59200.2,0.00169,59199.19,0.00018,59200.21,9e-05,59198.24,0.09604,59201.37,0.14188,59198.0,0.083,59201.38,0.14322,59197.99,0.0001,59201.39,0.00169,59197.86,0.23643,59201.76,0.23641,59197.51,0.04224,59202.0,0.083,59196.99,0.05674,59202.24,0.04223,59196.0,0.083,59202.53,0.0761,59195.52,0.08995,59202.57,0.00169,59195.3,0.06423,59202.62,0.0763,59194.72,0.14064,59202.85,0.00016,59194.71,0.28136,59203.76,0.00169,59194.63,0.0034,59204.0,0.083,59194.29,0.00169,59204.9,0.16243,59194.08,0.00018,59204.94,0.00169,59194.0,0.083,59205.12,0.00018,59193.11,0.00169,59205.27,0.27072,2024-07-13 23:59:47.852000
140,59199.87,1.62109,59199.88,3.15293,59199.32,0.04968,59200.0,0.08318,59199.31,9e-05,59200.2,0.00169,59199.19,0.00018,59200.21,9e-05,59198.24,0.09604,59201.37,0.14188,59198.0,0.083,59201.38,0.14322,59197.99,0.0001,59201.39,0.00169,59197.86,0.23643,59201.76,0.23641,59197.51,0.04224,59202.0,0.083,59196.99,0.05674,59202.24,0.04223,59196.0,0.083,59202.53,0.0761,59195.52,0.08995,59202.57,0.00169,59195.3,0.06423,59202.62,0.0763,59194.72,0.14064,59202.85,0.00016,59194.71,0.28136,59203.76,0.00169,59194.63,0.0034,59204.0,0.083,59194.29,0.00169,59204.9,0.16243,59194.08,0.00018,59204.94,0.00169,59194.0,0.083,59205.12,0.00018,59193.11,0.00169,59205.27,0.27072,2024-07-13 23:59:47.952000
141,59199.87,1.62109,59199.88,3.15293,59199.32,0.04968,59200.0,0.08318,59199.28,9e-05,59200.2,0.00169,59199.19,0.00018,59200.21,9e-05,59198.24,0.09604,59201.37,0.14188,59198.0,0.083,59201.38,0.14322,59197.99,0.0001,59201.39,0.00169,59197.86,0.23643,59201.76,0.23641,59197.51,0.04224,59202.0,0.083,59196.99,0.05674,59202.24,0.04223,59196.0,0.083,59202.53,0.0761,59195.52,0.08995,59202.57,0.00169,59195.3,0.06423,59202.62,0.0763,59194.72,0.14064,59202.85,0.00016,59194.71,0.28136,59203.76,0.00169,59194.63,0.0034,59204.0,0.083,59194.29,0.00169,59204.9,0.16243,59194.08,0.00018,59204.94,0.00169,59194.0,0.083,59205.12,0.00018,59193.11,0.00169,59205.27,0.27072,2024-07-13 23:59:48.052000
142,59199.87,1.62109,59199.88,3.15293,59199.32,0.04968,59200.0,0.08318,59199.25,9e-05,59200.2,0.00169,59199.19,0.00018,59200.21,9e-05,59198.24,0.09604,59201.37,0.14188,59198.0,0.083,59201.38,0.14322,59197.99,0.0001,59201.39,0.00169,59197.86,0.23643,59201.76,0.23641,59197.51,0.04224,59202.0,0.083,59196.99,0.05674,59202.24,0.04223,59196.0,0.083,59202.53,0.0761,59195.52,0.08995,59202.57,0.00169,59195.3,0.06423,59202.62,0.0763,59194.72,0.14064,59202.85,0.00016,59194.71,0.28136,59203.76,0.00169,59194.63,0.0034,59204.0,0.083,59194.29,0.00169,59204.9,0.16243,59194.08,0.00018,59204.94,0.00169,59194.0,0.083,59205.12,0.00018,59193.11,0.00169,59205.27,0.27072,2024-07-13 23:59:48.152000
143,59199.87,1.62109,59199.88,3.15293,59199.32,0.04968,59200.0,0.08318,59199.3,9e-05,59200.2,0.00169,59199.19,0.00018,59200.21,9e-05,59198.24,0.09604,59201.37,0.14188,59198.0,0.083,59201.38,0.14322,59197.99,0.0001,59201.39,0.00169,59197.86,0.23643,59201.76,0.23641,59197.51,0.04224,59202.0,0.083,59196.99,0.05674,59202.24,0.04223,59196.0,0.083,59202.53,0.0761,59195.53,0.08918,59202.57,0.00169,59195.3,0.06423,59202.62,0.0763,59194.72,0.14064,59202.85,0.00016,59194.71,0.28136,59203.76,0.00169,59194.63,0.0034,59204.0,0.083,59194.29,0.00169,59204.9,0.16243,59194.08,0.00018,59204.94,0.00169,59194.0,0.083,59205.12,0.00018,59193.11,0.00169,59205.27,0.27072,2024-07-13 23:59:48.252000
144,59199.87,1.62109,59199.88,3.15293,59199.32,0.04968,59200.0,0.08318,59199.26,9e-05,59200.2,0.00169,59199.19,0.00018,59200.21,9e-05,59198.24,0.09604,59201.37,0.14188,59198.0,0.083,59201.38,0.14322,59197.99,0.0001,59201.39,0.00169,59197.86,0.23643,59201.76,0.23641,59197.51,0.04224,59202.0,0.083,59196.99,0.05674,59202.22,0.05687,59196.0,0.083,59202.24,0.04223,59195.53,0.08918,59202.53,0.0761,59195.3,0.06423,59202.57,0.00169,59194.72,0.14064,59202.62,0.0763,59194.71,0.28136,59202.85,0.00016,59194.63,0.0034,59203.76,0.00169,59194.29,0.00169,59204.0,0.083,59194.08,0.00018,59204.9,0.16243,59194.0,0.083,59204.94,0.00169,59193.11,0.00169,59205.12,0.00018,2024-07-13 23:59:48.352000
