,bid_prc1,bid_vol1,ask_prc1,ask_vol1,bid_prc2,bid_vol2,ask_prc2,ask_vol2,bid_prc3,bid_vol3,ask_prc3,ask_vol3,bid_prc4,bid_vol4,ask_prc4,ask_vol4,bid_prc5,bid_vol5,ask_prc5,ask_vol5,bid_prc6,bid_vol6,ask_prc6,ask_vol6,bid_prc7,bid_vol7,ask_prc7,ask_vol7,bid_prc8,bid_vol8,ask_prc8,ask_vol8,bid_prc9,bid_vol9,ask_prc9,ask_vol9,bid_prc10,bid_vol10,ask_prc10,ask_vol10,bid_prc11,bid_vol11,ask_prc11,ask_vol11,bid_prc12,bid_vol12,ask_prc12,ask_vol12,bid_prc13,bid_vol13,ask_prc13,ask_vol13,bid_prc14,bid_vol14,ask_prc14,ask_vol14,bid_prc15,bid_vol15,ask_prc15,ask_vol15,bid_prc16,bid_vol16,ask_prc16,ask_vol16,bid_prc17,bid_vol17,ask_prc17,ask_vol17,bid_prc18,bid_vol18,ask_prc18,ask_vol18,bid_prc19,bid_vol19,ask_prc19,ask_vol19,bid_prc20,bid_vol20,ask_prc20,ask_vol20,date
0,59219.25,0.03628,59224.01,0.06645056,59219.0,0.08577,59225.39,0.00018759,59217.53,0.00350371,59226.09,0.04227059,59217.52,0.07286714,59228.51,0.05564388,59217.49,0.05910415,59228.52,0.08273041,59217.42,0.02776057,59228.57,9.24e-06,59217.27,0.20264012,59229.62,0.16909263,59217.26,0.01999246,59229.67,0.04157403,59217.19,0.00709885,59229.69,0.05963981,59216.91,0.33773344,59229.97,0.10658604,59216.09,0.33773344,59229.98,0.28182091,59215.36,0.0006601,59230.66,0.01,59212.64,0.0639517,59231.87,0.01,59212.63,0.10658604,59231.88,0.11830309,59211.11,0.04319933,59232.02,0.11830309,59210.94,0.07287772,59232.06,0.11830309,59210.78,0.00066777,59232.13,0.06898469,59210.19,0.15902539,59233.17,0.03,59210.18,0.26504216,59233.3,0.06170162,59210.17,0.03,59233.8,0.03,2024-07-13 23:59:33.800928
1,59217.19,0.00019504,59222.56,0.00821727,59216.11,0.04666964,59222.71,0.09941594,59216.1,0.08078717,59222.72,0.165,59215.36,0.0006601,59223.63,0.00069319,59211.11,0.04319933,59223.8,0.10658604,59210.94,0.07287772,59224.01,0.06593065,59210.78,0.00066777,59225.39,0.00018759,59210.25,0.26504216,59226.05,0.04964039,59210.24,0.38190039,59226.06,0.08273385,59210.23,0.33773344,59226.09,0.04227059,59209.95,0.00325042,59226.99,0.06395164,59209.34,0.33773344,59227.0,0.10658604,59208.63,0.01,59228.57,9.24e-06,59208.62,0.20264047,59229.62,0.16909263,59208.61,0.33773401,59229.67,0.04157403,59208.25,0.03,59229.69,0.05963981,59208.1,0.04311068,59229.97,0.10658604,59207.63,0.03,59229.98,0.28182091,59206.01,0.24255772,59230.66,0.01,59205.99,0.03,59230.82,0.06,2024-07-13 23:59:33.996413
2,59217.19,0.00019504,59222.39,0.00447086,59216.13,0.04666964,59222.55,0.08168284,59216.11,0.04666964,59222.56,0.126,59216.1,0.08078717,59223.8,0.10658604,59215.36,0.0006601,59225.39,0.00018759,59211.11,0.04319933,59226.05,0.04964038,59210.94,0.07287772,59226.06,0.08273385,59210.78,0.00066777,59226.09,0.04227059,59210.25,0.26504216,59226.99,0.0639517,59210.24,0.38190036,59227.0,0.10658604,59210.23,0.33773344,59228.57,9.24e-06,59209.95,0.00325042,59229.23,0.06,59209.34,0.33773344,59229.62,0.16909263,59208.63,0.01,59229.67,0.04157403,59208.62,0.20264047,59229.69,0.05963981,59208.61,0.33773401,59229.97,0.10658604,59208.25,0.03,59229.98,0.28182091,59208.1,0.04311068,59230.66,0.01,59207.63,0.03,59230.82,0.06,59205.99,0.03,59231.5,0.03,2024-07-13 23:59:34.111230
3,59217.19,0.00019504,59222.32,0.00703006,59216.11,0.04666964,59222.55,0.0007365,59216.1,0.08078717,59223.79,0.06395166,59215.36,0.0006601,59223.8,0.10658604,59211.11,0.04319933,59225.39,0.00018759,59210.94,0.07287772,59226.06,0.08273385,59210.78,0.00066777,59226.09,0.04227059,59210.25,0.26504216,59227.0,0.10658604,59210.24,0.38190036,59228.57,9.24e-06,59210.23,0.33773344,59229.22,0.03600007,59209.95,0.00325042,59229.23,0.06,59209.34,0.33773344,59229.62,0.16909263,59208.63,0.01,59229.67,0.04157403,59208.62,0.20264047,59229.69,0.05963981,59208.61,0.33773401,59229.97,0.10658604,59208.25,0.03,59229.98,0.28182091,59208.1,0.04311068,59230.66,0.01,59207.63,0.03,59231.5,0.03,59205.99,0.03,59231.88,0.11830309,59205.37,0.12700531,59232.02,0.11830309,2024-07-13 23:59:34.227117
4,59217.19,0.00019504,59222.32,0.0007365,59216.11,0.04666964,59223.73,0.00671674,59216.1,0.08078717,59223.79,0.06395166,59215.36,0.0006601,59223.8,0.10658604,59211.11,0.04319933,59225.38,0.01,59210.94,0.07287772,59225.39,0.00018759,59210.78,0.00066777,59226.06,0.08273385,59210.25,0.26504216,59226.09,0.04227059,59210.24,0.38190036,59227.0,0.10658604,59210.23,0.33773344,59228.57,9.24e-06,59209.95,0.00325042,59229.22,0.03600007,59209.34,0.33773344,59229.23,0.06,59208.63,0.11658604,59229.62,0.16909263,59208.62,0.20264047,59229.67,0.04157403,59208.61,0.33773401,59229.69,0.05963981,59208.25,0.03,59229.97,0.10658604,59208.1,0.04311068,59229.98,0.28182091,59207.63,0.03,59230.66,0.01,59205.99,0.03,59231.49,0.03,59205.37,0.12700531,59231.5,0.03,2024-07-13 23:59:34.322355
5,59217.2,0.08078717,59223.73,0.00671674,59217.19,0.00019504,59223.79,0.06395166,59216.11,0.04666964,59223.8,0.10658604,59215.36,0.0006601,59225.38,0.01,59211.11,0.04319933,59225.39,0.00018759,59210.94,0.07287772,59226.06,0.08273385,59210.78,0.00066777,59226.09,0.04227059,59210.25,0.26504216,59227.0,0.10658604,59210.24,0.38190036,59228.57,9.24e-06,59210.23,0.33773344,59229.22,0.03600007,59209.95,0.00325042,59229.23,0.06,59209.34,0.33773344,59229.62,0.16909263,59208.63,0.11658604,59229.67,0.04157403,59208.62,0.20264047,59229.69,0.05963981,59208.61,0.33773401,59229.97,0.10658604,59208.25,0.03,59229.98,0.28182091,59208.1,0.04311068,59230.66,0.01,59207.63,0.03,59231.49,0.03,59205.99,0.03,59231.5,0.03,59205.37,0.12700531,59231.88,0.11830309,2024-07-13 23:59:34.390643
6,59217.2,0.08078717,59223.73,0.00745322,59217.19,0.00019504,59223.79,0.06395166,59216.11,0.04666964,59223.8,0.10658604,59215.36,0.0006601,59225.38,0.01,59211.11,0.04319933,59225.39,0.00018759,59210.94,0.07287772,59226.06,0.08273385,59210.78,0.00066777,59226.09,0.04227059,59210.25,0.26504216,59227.0,0.10658604,59210.24,0.38190036,59228.57,9.24e-06,59210.23,0.33773344,59229.22,0.03600007,59209.95,0.00325042,59229.23,0.06,59209.34,0.33773344,59229.62,0.16909263,59208.63,0.11658604,59229.67,0.04157403,59208.62,0.20264047,59229.69,0.05963981,59208.61,0.33773401,59229.97,0.10658604,59208.25,0.03,59229.98,0.28182091,59208.1,0.04311068,59230.66,0.01,59207.63,0.03,59231.49,0.03,59205.99,0.03,59231.5,0.03,59205.37,0.12700531,59231.88,0.11830309,2024-07-13 23:59:34.419554
7,59217.2,0.08078717,59223.73,0.00745322,59217.19,0.00019504,59223.79,0.06395166,59216.11,0.04666964,59223.8,0.10658604,59215.36,0.0006601,59225.38,0.01,59211.11,0.04319933,59225.39,0.00018759,59210.94,0.07287772,59226.06,0.08273385,59210.78,0.00066777,59226.09,0.04227059,59210.25,0.26504216,59227.0,0.10658604,59210.24,0.38190036,59228.57,9.24e-06,59210.23,0.33773344,59229.22,0.03600007,59209.95,0.00325042,59229.23,0.06,59209.34,0.33773344,59229.62,0.16909263,59208.63,0.11658604,59229.67,0.04157403,59208.62,0.20264047,59229.69,0.05963981,59208.61,0.33773401,59229.97,0.10658604,59208.25,0.03,59229.98,0.28182091,59208.1,0.04311068,59230.66,0.01,59207.63,0.03,59231.49,0.03,59205.99,0.03,59231.5,0.03,59205.37,0.12700531,59231.88,0.11830309,2024-07-13 23:59:34.561644
8,59217.2,0.08078717,59223.56,0.00574358,59217.19,0.00019504,59223.73,0.00073648,59216.11,0.04666964,59223.8,0.10658604,59215.36,0.0006601,59225.38,0.01,59211.11,0.04319933,59225.39,0.00018759,59210.94,0.07287772,59226.05,0.07500267,59210.78,0.00066777,59226.06,0.08273385,59210.25,0.26504216,59226.09,0.04227059,59210.24,0.38190036,59227.0,0.10658604,59210.23,0.33773344,59228.57,9.24e-06,59209.95,0.00325042,59229.22,0.03600007,59209.34,0.33773344,59229.23,0.06,59208.63,0.11658604,59229.62,0.16909263,59208.62,0.20264047,59229.67,0.04157403,59208.61,0.33773401,59229.69,0.05963981,59208.25,0.03,59229.97,0.10658604,59208.1,0.04311068,59229.98,0.28182091,59207.63,0.03,59230.66,0.01,59205.99,0.03,59231.49,0.03,59205.37,0.12700531,59231.5,0.03,2024-07-13 23:59:34.613556
9,59217.2,0.08078717,59223.56,0.00574358,59217.19,0.00019504,59223.8,0.10658604,59216.11,0.04666964,59225.38,0.01,59215.36,0.0006601,59225.39,0.00018759,59211.11,0.04319933,59226.05,0.07500267,59210.94,0.07287772,59226.06,0.08273385,59210.78,0.00066777,59226.09,0.04227059,59210.25,0.26504216,59227.0,0.10658604,59210.24,0.38190036,59228.57,9.24e-06,59210.23,0.33773344,59229.22,0.03600007,59209.95,0.00325042,59229.23,0.06,59209.34,0.33773344,59229.62,0.16909263,59208.63,0.11658604,59229.67,0.04157403,59208.62,0.20264047,59229.69,0.05963981,59208.61,0.33773401,59229.97,0.10658604,59208.25,0.03,59229.98,0.28182091,59208.1,0.04311068,59230.66,0.01,59207.63,0.03,59231.49,0.03,59205.99,0.03,59231.5,0.03,59205.37,0.12700531,59231.88,0.11830309,2024-07-13 23:59:34.716280
10,59217.2,0.08078717,59223.56,0.00652345,59217.19,0.00019504,59223.8,0.10658604,59216.12,0.33773344,59225.38,0.01,59216.11,0.04666964,59225.39,0.00018759,59215.36,0.0006601,59226.05,0.07500267,59211.11,0.04319933,59226.06,0.08273385,59210.94,0.07287772,59226.09,0.04227059,59210.78,0.00066777,59227.0,0.10658604,59210.25,0.26504216,59228.57,9.24e-06,59210.24,0.38190036,59229.22,0.03600007,59210.23,0.33773344,59229.23,0.06,59209.95,0.00325042,59229.62,0.16909263,59209.34,0.33773344,59229.67,0.04157403,59208.63,0.11658604,59229.69,0.05963981,59208.25,0.03,59229.97,0.10658604,59208.1,0.04311068,59229.98,0.28182091,59207.63,0.03,59230.66,0.01,59206.0,0.01800002,59231.49,0.03,59205.99,0.03,59231.5,0.03,59205.37,0.12700531,59231.88,0.11830309,2024-07-13 23:59:34.769021
11,59217.2,0.08078717,59223.56,0.00652345,59217.19,0.00019504,59223.8,0.10658604,59216.12,0.33773344,59225.38,0.01,59216.11,0.04666964,59225.39,0.00018759,59215.36,0.0006601,59226.05,0.07500267,59211.11,0.04319933,59226.06,0.08273385,59210.94,0.07287772,59226.09,0.04227059,59210.78,0.00066777,59227.0,0.10658604,59210.25,0.26504216,59228.57,9.24e-06,59210.24,0.38190036,59229.22,0.03600007,59210.23,0.33773344,59229.23,0.06,59209.95,0.00325042,59229.62,0.16909263,59209.34,0.33773344,59229.67,0.04157403,59208.63,0.11658604,59229.69,0.05963981,59208.25,0.03,59229.97,0.10658604,59208.1,0.04311068,59229.98,0.28182091,59207.63,0.03,59230.66,0.01,59206.0,0.01800002,59231.49,0.03,59205.99,0.03,59231.5,0.03,59205.37,0.12700531,59231.88,0.11830309,2024-07-13 23:59:34.899917
12,59217.2,0.08078717,59223.56,0.00077987,59217.19,0.00019504,59223.8,0.10658604,59216.12,0.33773344,59225.38,0.01,59216.11,0.04666964,59225.39,0.00018759,59215.36,0.0006601,59226.05,0.06879771,59211.11,0.04319933,59226.06,0.08273385,59210.94,0.07287772,59226.09,0.04227059,59210.78,0.00066777,59227.0,0.10658604,59210.25,0.26504216,59228.57,9.24e-06,59210.24,0.38190036,59229.22,0.036,59210.23,0.33773344,59229.23,0.06,59209.95,0.00325042,59229.62,0.16909263,59209.34,0.33773344,59229.67,0.04157403,59208.63,0.11658604,59229.69,0.05963981,59208.25,0.03,59229.97,0.10658604,59208.1,0.04311068,59229.98,0.28182091,59207.63,0.03,59230.66,0.01,59206.0,0.01800002,59231.49,0.03,59205.99,0.03,59231.5,0.03,59205.37,0.12700531,59231.88,0.11830309,2024-07-13 23:59:35.217955
13,59217.2,0.08078717,59223.8,0.09066581,59217.19,0.00019504,59225.38,0.01,59216.12,0.33773344,59225.39,0.00018759,59216.11,0.04666964,59226.05,0.06879771,59215.36,0.0006601,59226.06,0.08273385,59211.11,0.04319933,59226.09,0.04227059,59210.94,0.07287772,59226.99,0.06395163,59210.78,0.00066777,59227.0,0.10658604,59210.25,0.26504216,59228.57,9.24e-06,59210.24,0.38190036,59229.23,0.06,59210.23,0.33773344,59229.62,0.16909263,59209.95,0.00325042,59229.67,0.04157403,59209.34,0.33773344,59229.69,0.05963981,59208.63,0.11658604,59229.97,0.10658604,59208.25,0.03,59229.98,0.28182091,59208.1,0.04311068,59230.66,0.01,59207.63,0.03,59231.49,0.03,59206.0,0.01800002,59231.5,0.03,59205.99,0.03,59231.88,0.11830309,59205.37,0.12700531,59232.02,0.11830309,2024-07-13 23:59:35.291014
14,59217.2,0.05786037,59223.8,0.00082316,59217.19,0.00019504,59225.38,0.01,59216.12,0.33773344,59225.39,0.00018759,59216.11,0.04666964,59225.84,0.00576658,59215.36,0.0006601,59226.05,0.06879771,59214.5,0.05910713,59226.06,0.08273385,59211.11,0.04319933,59226.09,0.04227059,59210.94,0.07287772,59226.99,0.06395163,59210.78,0.00066777,59227.0,0.10658604,59210.25,0.26504216,59228.57,9.24e-06,59210.24,0.38190036,59229.23,0.06,59210.23,0.33773344,59229.62,0.16909263,59209.95,0.00325042,59229.67,0.04157403,59209.34,0.33773344,59229.69,0.05963981,59208.63,0.11658604,59229.97,0.10658604,59208.25,0.03,59229.98,0.28182091,59208.1,0.04311068,59230.66,0.01,59207.63,0.03,59231.49,0.03,59206.0,0.01800002,59231.5,0.03,59205.99,0.03,59231.88,0.11830309,2024-07-13 23:59:35.465369
15,59217.2,0.05786037,59223.8,0.00082316,59217.19,0.00019504,59225.38,0.01,59216.12,0.33773344,59225.39,0.00018759,59216.11,0.04666964,59225.84,0.00576658,59215.36,0.0006601,59226.05,0.06879771,59214.5,0.05910713,59226.06,0.08273385,59211.11,0.04319933,59226.09,0.04227059,59210.94,0.07287772,59226.99,0.06395163,59210.78,0.00066777,59227.0,0.10658604,59210.25,0.26504216,59228.57,9.24e-06,59210.24,0.38190036,59229.23,0.06,59210.23,0.33773344,59229.62,0.16909263,59209.95,0.00325042,59229.67,0.04157403,59209.34,0.33773344,59229.69,0.05963981,59208.63,0.11658604,59229.97,0.10658604,59208.25,0.03,59229.98,0.28182091,59208.1,0.04311068,59230.66,0.01,59207.63,0.03,59231.49,0.03,59206.0,0.01800002,59231.5,0.03,59205.99,0.03,59231.88,0.11830309,2024-07-13 23:59:35.511895
16,59217.2,0.05786037,59225.21,0.00597118,59217.19,0.00019504,59225.36,0.08111527,59216.12,0.33773344,59225.38,0.01086644,59216.11,0.04666964,59225.39,0.00018759,59215.36,0.0006601,59226.06,0.08273385,59214.5,0.05910713,59226.09,0.04227059,59211.11,0.04319933,59226.99,0.06395163,59210.94,0.07287772,59227.0,0.10658604,59210.78,0.00066777,59228.57,9.24e-06,59210.25,0.26504216,59229.62,0.16909263,59210.24,0.38190036,59229.67,0.04157403,59210.23,0.33773344,59229.69,0.05963981,59209.95,0.00325042,59229.97,0.10658604,59209.34,0.33773344,59229.98,0.28182091,59208.63,0.11658604,59230.66,0.01,59208.25,0.03,59231.49,0.03,59208.1,0.04311068,59231.5,0.03,59207.63,0.03,59231.88,0.11830309,59206.0,0.01800002,59232.02,0.11830309,59205.99,0.03,59232.06,0.17830309,2024-07-13 23:59:35.592977
17,59217.2,0.05786037,59223.24,0.00493222,59217.19,0.00019504,59223.45,0.11466064,59216.12,0.33773344,59223.46,0.165,59215.36,0.0006601,59223.84,0.08273696,59212.64,0.03546548,59225.21,0.00086644,59212.63,0.059109,59225.38,0.01,59210.94,0.07287772,59225.39,0.00018759,59210.78,0.00066777,59226.08,0.02536244,59210.25,0.26504216,59226.09,0.04227059,59210.24,0.20264014,59226.99,0.06395162,59210.23,0.33773344,59227.0,0.10658604,59209.95,0.00325042,59228.57,9.24e-06,59209.34,0.33773344,59229.62,0.16909263,59208.63,0.11658604,59229.67,0.04157403,59208.25,0.03,59229.69,0.05963981,59208.1,0.04311068,59229.97,0.10658604,59207.63,0.03,59229.98,0.28182091,59206.0,0.01800002,59230.47,0.06,59205.99,0.03,59230.66,0.01,59205.37,0.12700531,59231.49,0.03,2024-07-13 23:59:35.760016
18,59217.2,0.05786037,59223.22,0.01126493,59217.19,0.00019504,59223.24,0.00086647,59216.12,0.33773344,59223.44,0.01,59215.36,0.0006601,59223.45,0.10317573,59212.64,0.03546548,59223.46,0.165,59212.63,0.059109,59223.84,0.08273696,59210.94,0.07287772,59225.39,0.00018759,59210.78,0.00066777,59226.08,0.02536244,59210.25,0.26504216,59226.09,0.04227059,59210.24,0.20264014,59226.99,0.06395162,59210.23,0.33773344,59227.0,0.10658604,59209.95,0.00325042,59228.57,9.24e-06,59209.34,0.33773344,59229.62,0.16909263,59208.63,0.11658604,59229.67,0.04157403,59208.25,0.03,59229.69,0.05963981,59208.1,0.04311068,59229.97,0.10658604,59207.63,0.03,59229.98,0.28182091,59206.0,0.01800002,59230.47,0.06,59205.99,0.03,59230.66,0.01,59205.37,0.12700531,59231.49,0.03,2024-07-13 23:59:35.858334
19,59217.2,0.05786037,59223.22,0.01126493,59217.19,0.00019504,59223.44,0.01,59216.12,0.33773344,59223.45,0.10317573,59215.36,0.0006601,59223.46,0.165,59212.64,0.03546548,59223.84,0.08273696,59212.63,0.059109,59225.39,0.00018759,59210.94,0.07287772,59226.08,0.02536244,59210.78,0.00066777,59226.09,0.04227059,59210.25,0.26504216,59226.99,0.06395162,59210.24,0.20264014,59227.0,0.10658604,59210.23,0.33773344,59228.57,9.24e-06,59209.95,0.00325042,59229.62,0.16909263,59209.34,0.33773344,59229.67,0.04157403,59208.63,0.11658604,59229.69,0.05963981,59208.25,0.03,59229.97,0.10658604,59208.1,0.04311068,59229.98,0.28182091,59207.63,0.03,59230.47,0.06,59206.0,0.01800002,59230.66,0.01,59205.99,0.03,59231.49,0.03,59205.37,0.12700531,59231.5,0.03,2024-07-13 23:59:35.954564
20,59217.2,0.05786037,59223.22,0.0121314,59217.19,0.00019504,59223.44,0.01,59216.12,0.33773344,59223.83,0.04964227,59215.36,0.0006601,59223.84,0.08273696,59212.64,0.03546548,59225.39,0.00018759,59212.63,0.059109,59226.09,0.04227059,59210.94,0.07287772,59226.99,0.06395162,59210.78,0.00066777,59227.0,0.10658604,59210.25,0.26504216,59228.57,9.24e-06,59210.24,0.20264014,59229.62,0.16909263,59210.23,0.33773344,59229.67,0.04157403,59209.95,0.00325042,59229.69,0.05963981,59209.34,0.33773344,59229.97,0.10658604,59208.63,0.11658604,59229.98,0.28182091,59208.25,0.03,59230.47,0.06,59208.1,0.04311068,59230.66,0.01,59207.63,0.03,59231.49,0.03,59206.0,0.01800002,59231.5,0.03,59205.99,0.03,59231.88,0.11830309,59205.37,0.12700531,59232.02,0.11830309,2024-07-13 23:59:35.993651
21,59217.2,0.05786037,59223.22,0.0121314,59217.19,0.00019504,59223.44,0.01,59216.12,0.33773344,59223.83,0.04964227,59215.36,0.0006601,59223.84,0.08273696,59212.64,0.03546548,59225.39,0.00018759,59212.63,0.059109,59226.09,0.04227059,59210.94,0.07287772,59226.99,0.06395162,59210.78,0.00066777,59227.0,0.10658604,59210.25,0.26504216,59228.57,9.24e-06,59210.24,0.20264014,59229.62,0.16909263,59210.23,0.33773344,59229.67,0.04157403,59209.95,0.00325042,59229.69,0.05963981,59209.34,0.33773344,59229.97,0.10658604,59208.63,0.11658604,59229.98,0.28182091,59208.25,0.03,59230.47,0.06,59208.1,0.04311068,59230.66,0.01,59207.63,0.03,59231.49,0.03,59206.0,0.01800002,59231.5,0.03,59205.99,0.03,59231.88,0.11830309,59205.37,0.12700531,59232.02,0.11830309,2024-07-13 23:59:36.059568
22,59217.2,0.05786037,59223.22,0.0121314,59217.19,0.00019504,59223.44,0.01,59216.12,0.33773344,59223.83,0.04964227,59215.36,0.0006601,59223.84,0.08273696,59212.64,0.03546548,59225.39,0.00018759,59212.63,0.059109,59226.09,0.04227059,59210.94,0.07287772,59226.99,0.06395162,59210.78,0.00066777,59227.0,0.10658604,59210.25,0.26504216,59228.57,9.24e-06,59210.24,0.20264014,59229.62,0.16909263,59210.23,0.33773344,59229.67,0.04157403,59209.95,0.00325042,59229.69,0.05963981,59209.34,0.33773344,59229.97,0.10658604,59208.63,0.11658604,59229.98,0.28182091,59208.25,0.03,59230.47,0.06,59208.1,0.04311068,59230.66,0.01,59207.63,0.03,59231.49,0.03,59206.0,0.01800002,59231.5,0.03,59205.99,0.03,59231.88,0.11830309,59205.37,0.12700531,59232.02,0.11830309,2024-07-13 23:59:36.172638
23,59217.2,0.05786037,59223.22,0.0121314,59217.19,0.00019504,59223.44,0.01,59216.12,0.33773344,59223.83,0.04964227,59215.36,0.0006601,59223.84,0.08273696,59212.64,0.03546548,59225.39,0.00018759,59212.63,0.059109,59226.09,0.04227059,59210.94,0.07287772,59226.99,0.06395162,59210.78,0.00066777,59227.0,0.10658604,59210.25,0.26504216,59228.57,9.24e-06,59210.24,0.20264014,59229.62,0.16909263,59210.23,0.33773344,59229.67,0.04157403,59209.95,0.00325042,59229.69,0.05963981,59209.34,0.33773344,59229.97,0.10658604,59208.63,0.11658604,59229.98,0.28182091,59208.25,0.03,59230.47,0.06,59208.1,0.04311068,59230.66,0.01,59207.63,0.03,59231.49,0.03,59206.0,0.01800002,59231.5,0.03,59205.99,0.03,59231.88,0.11830309,59205.37,0.12700531,59232.02,0.11830309,2024-07-13 23:59:36.190243
24,59217.19,0.00019504,59223.2,0.01285683,59216.12,0.33773344,59223.22,0.00086647,59215.36,0.0006601,59223.44,0.01,59212.64,0.03546548,59223.83,0.04964219,59212.63,0.059109,59223.84,0.08273696,59210.78,0.00066777,59225.39,0.00018759,59210.23,0.33773344,59226.09,0.04227059,59209.95,0.00325042,59226.99,0.06395162,59209.34,0.33773344,59227.0,0.10658604,59208.64,0.06995168,59228.57,9.24e-06,59208.63,0.11658604,59229.62,0.16909263,59208.25,0.03,59229.67,0.04157403,59208.1,0.04311068,59229.69,0.05963981,59207.63,0.03,59229.97,0.10658604,59205.99,0.03,59229.98,0.28182091,59205.38,0.26504216,59230.47,0.06,59205.37,0.12700531,59230.66,0.01,59205.36,0.03,59231.49,0.03,59204.74,0.13800005,59231.5,0.03,59204.73,0.03,59231.88,0.11830309,2024-07-13 23:59:36.380264
25,59217.19,0.00019504,59223.2,0.01376668,59216.12,0.33773344,59223.83,0.04964219,59215.36,0.0006601,59223.84,0.08273696,59212.64,0.03546548,59225.38,0.01,59212.63,0.059109,59225.39,0.00018759,59210.78,0.00066777,59226.09,0.04227059,59210.23,0.33773344,59226.99,0.06395162,59209.95,0.00325042,59227.0,0.10658604,59209.34,0.33773344,59228.57,9.24e-06,59208.64,0.06995168,59229.62,0.16909263,59208.63,0.11658604,59229.67,0.04157403,59208.25,0.03,59229.69,0.05963981,59208.1,0.04311068,59229.97,0.10658604,59207.63,0.03,59229.98,0.28182091,59205.99,0.03,59230.47,0.06,59205.38,0.26504216,59230.66,0.01,59205.37,0.12700531,59231.49,0.03,59205.36,0.03,59231.5,0.03,59204.74,0.13800005,59231.88,0.11830309,59204.73,0.03,59232.02,0.11830309,2024-07-13 23:59:36.500113
26,59217.19,0.00019504,59223.2,0.01376668,59216.12,0.33773344,59223.62,0.00578237,59215.36,0.0006601,59223.83,0.04964219,59212.64,0.03546548,59223.84,0.08273696,59212.63,0.059109,59225.38,0.01,59210.78,0.00066777,59225.39,0.00018759,59210.23,0.33773344,59226.09,0.04227059,59209.95,0.00325042,59226.99,0.06395162,59209.34,0.33773344,59227.0,0.10658604,59208.64,0.06995168,59228.57,9.24e-06,59208.63,0.11658604,59229.62,0.16909263,59208.25,0.03,59229.67,0.04157403,59208.1,0.04311068,59229.69,0.05963981,59207.63,0.03,59229.97,0.10658604,59205.99,0.03,59229.98,0.28182091,59205.38,0.26504216,59230.47,0.06,59205.37,0.12700531,59230.66,0.01,59205.36,0.03,59231.49,0.03,59204.74,0.13800005,59231.5,0.03,59204.73,0.03,59231.88,0.11830309,2024-07-13 23:59:36.656818
27,59217.19,0.00019504,59223.2,0.01376668,59216.12,0.33773344,59223.62,0.00578237,59215.36,0.0006601,59223.83,0.04964219,59212.64,0.03546548,59223.84,0.08273696,59212.63,0.059109,59225.39,0.00018759,59210.78,0.00066777,59226.09,0.04227059,59210.23,0.33773344,59226.99,0.06395162,59209.95,0.00325042,59227.0,0.10658604,59209.34,0.33773344,59228.57,9.24e-06,59208.64,0.06995168,59229.62,0.16909263,59208.63,0.11658604,59229.67,0.04157403,59208.25,0.03,59229.69,0.05963981,59208.1,0.04311068,59229.97,0.10658604,59207.63,0.03,59229.98,0.28182091,59205.99,0.03,59230.47,0.06,59205.38,0.26504216,59230.66,0.01,59205.37,0.12700531,59231.49,0.03,59205.36,0.03,59231.5,0.03,59204.74,0.13800005,59231.88,0.11830309,59204.73,0.03,59232.02,0.11830309,2024-07-13 23:59:36.703116
28,59217.19,0.00019504,59223.2,0.01376668,59216.12,0.33773344,59223.62,0.00578237,59215.36,0.0006601,59223.82,0.01,59212.64,0.03546548,59223.83,0.04964219,59212.63,0.059109,59223.84,0.08273696,59210.78,0.00066777,59225.39,0.00018759,59210.23,0.33773344,59226.09,0.04227059,59209.95,0.00325042,59226.99,0.06395162,59209.34,0.33773344,59227.0,0.10658604,59208.64,0.06995168,59228.57,9.24e-06,59208.63,0.11658604,59229.62,0.16909263,59208.25,0.03,59229.67,0.04157403,59208.1,0.04311068,59229.69,0.05963981,59207.63,0.03,59229.97,0.10658604,59205.99,0.03,59229.98,0.28182091,59205.38,0.26504216,59230.47,0.06,59205.37,0.12700531,59230.66,0.01,59205.36,0.03,59231.49,0.03,59204.74,0.13800005,59231.5,0.03,59204.73,0.03,59231.88,0.11830309,2024-07-13 23:59:36.797291
29,59217.19,0.00019504,59223.2,0.01376668,59216.12,0.33773344,59223.62,0.00578237,59215.36,0.0006601,59223.82,0.01,59212.64,0.03546548,59223.83,0.04964219,59212.63,0.059109,59223.84,0.08273696,59210.78,0.00066777,59225.39,0.00018759,59210.23,0.33773344,59226.09,0.04227059,59209.95,0.00325042,59226.99,0.06395162,59209.34,0.33773344,59227.0,0.10658604,59208.64,0.06995168,59228.57,9.24e-06,59208.63,0.11658604,59229.62,0.16909263,59208.25,0.03,59229.67,0.04157403,59208.1,0.04311068,59229.69,0.05963981,59207.63,0.03,59229.97,0.10658604,59205.99,0.03,59229.98,0.28182091,59205.38,0.26504216,59230.47,0.06,59205.37,0.12700531,59230.66,0.01,59205.36,0.03,59231.49,0.03,59204.74,0.13800005,59231.5,0.03,59204.73,0.03,59231.88,0.11830309,2024-07-13 23:59:36.806550
30,59217.19,0.00019504,59223.2,0.01376668,59216.12,0.33773344,59223.62,0.00578237,59215.36,0.0006601,59223.82,0.01,59212.64,0.03546548,59223.83,0.04964219,59212.63,0.059109,59223.84,0.08273696,59210.78,0.00066777,59225.39,0.00018759,59210.23,0.33773344,59226.09,0.04227059,59209.95,0.00325042,59226.99,0.06395162,59209.34,0.33773344,59227.0,0.10658604,59208.64,0.06995168,59228.57,9.24e-06,59208.63,0.11658604,59229.62,0.16909263,59208.25,0.03,59229.67,0.04157403,59208.1,0.04311068,59229.69,0.05963981,59207.63,0.03,59229.97,0.10658604,59205.99,0.03,59229.98,0.28182091,59205.38,0.26504216,59230.47,0.06,59205.37,0.12700531,59230.66,0.01,59205.36,0.03,59231.49,0.03,59204.74,0.13800005,59231.5,0.03,59204.73,0.03,59231.88,0.11830309,2024-07-13 23:59:37.028931
31,59217.19,0.00019504,59223.2,0.01376668,59216.12,0.33773344,59223.62,0.00578237,59215.36,0.0006601,59223.82,0.01,59212.64,0.03546548,59223.83,0.04964219,59212.63,0.059109,59223.84,0.08273696,59210.78,0.00066777,59225.39,0.00018759,59210.23,0.33773344,59226.09,0.04227059,59209.95,0.00325042,59226.99,0.06395162,59209.34,0.33773344,59227.0,0.10658604,59208.64,0.06995168,59228.57,9.24e-06,59208.63,0.11658604,59229.62,0.16909263,59208.25,0.03,59229.67,0.04157403,59208.1,0.04311068,59229.69,0.05963981,59207.63,0.03,59229.97,0.10658604,59205.99,0.03,59229.98,0.28182091,59205.38,0.26504216,59230.47,0.06,59205.37,0.12700531,59230.66,0.01,59205.36,0.03,59231.49,0.03,59204.74,0.13800005,59231.5,0.03,59204.73,0.03,59231.88,0.11830309,2024-07-13 23:59:37.038644
32,59217.19,0.00019504,59223.2,0.01376668,59216.12,0.33773344,59223.62,0.00578237,59215.36,0.0006601,59223.82,0.01,59212.64,0.03546548,59223.83,0.04964219,59212.63,0.059109,59223.84,0.08273696,59210.78,0.00066777,59225.39,0.00018759,59210.23,0.33773344,59226.09,0.04227059,59209.95,0.00325042,59226.99,0.06395162,59209.34,0.33773344,59227.0,0.10658604,59208.64,0.06995168,59228.57,9.24e-06,59208.63,0.11658604,59229.62,0.16909263,59208.25,0.03,59229.67,0.04157403,59208.1,0.04311068,59229.69,0.05963981,59207.63,0.03,59229.97,0.10658604,59205.99,0.03,59229.98,0.28182091,59205.38,0.26504216,59230.47,0.06,59205.37,0.12700531,59230.66,0.01,59205.36,0.03,59231.49,0.03,59204.74,0.13800005,59231.5,0.03,59204.73,0.03,59231.88,0.11830309,2024-07-13 23:59:37.271182
33,59217.19,0.00019504,59223.2,0.01376668,59216.12,0.33773344,59223.62,0.00578237,59215.36,0.0006601,59223.82,0.01,59212.64,0.03546548,59223.83,0.04964219,59212.63,0.059109,59223.84,0.08273696,59210.78,0.00066777,59225.39,0.00018759,59210.23,0.33773344,59226.09,0.04227059,59209.95,0.00325042,59226.99,0.06395162,59209.34,0.33773344,59227.0,0.10658604,59208.64,0.06995168,59228.57,9.24e-06,59208.63,0.11658604,59229.62,0.16909263,59208.25,0.03,59229.67,0.04157403,59208.1,0.04311068,59229.69,0.05963981,59207.63,0.03,59229.97,0.10658604,59205.99,0.03,59229.98,0.28182091,59205.38,0.26504216,59230.47,0.06,59205.37,0.12700531,59230.66,0.01,59205.36,0.03,59231.49,0.03,59204.74,0.13800005,59231.5,0.03,59204.73,0.03,59231.88,0.11830309,2024-07-13 23:59:37.397130
34,59217.19,0.00019504,59223.2,0.01376668,59216.12,0.33773344,59223.62,0.00578237,59215.36,0.0006601,59223.82,0.01,59213.99,0.03546464,59223.83,0.04964219,59213.98,0.05910765,59223.84,0.08273696,59210.78,0.00066777,59225.39,0.00018759,59210.23,0.33773344,59226.09,0.04227059,59209.95,0.00325042,59226.99,0.06395162,59209.34,0.33773344,59227.0,0.10658604,59208.64,0.06995168,59228.57,9.24e-06,59208.63,0.11658604,59229.62,0.16909263,59208.25,0.03,59229.67,0.04157403,59208.1,0.04311068,59229.69,0.05963981,59207.63,0.03,59229.97,0.10658604,59205.99,0.03,59229.98,0.28182091,59205.38,0.26504216,59230.47,0.06,59205.37,0.12700531,59230.66,0.01,59205.36,0.03,59231.49,0.03,59204.74,0.13800005,59231.5,0.03,59204.73,0.03,59231.88,0.11830309,2024-07-13 23:59:37.529071
35,59217.19,0.00019504,59223.2,0.01376668,59216.12,0.33773344,59223.62,0.00578237,59215.36,0.0006601,59223.83,0.04964219,59213.99,0.03546464,59223.84,0.08273696,59213.98,0.05910765,59225.38,0.01,59210.78,0.00066777,59225.39,0.00018759,59210.23,0.33773344,59226.09,0.04227059,59209.95,0.00325042,59226.99,0.06395162,59209.34,0.33773344,59227.0,0.10658604,59208.64,0.06995168,59228.57,9.24e-06,59208.63,0.11658604,59229.62,0.16909263,59208.25,0.03,59229.67,0.04157403,59208.1,0.04311068,59229.69,0.05963981,59207.63,0.03,59229.97,0.10658604,59205.99,0.03,59229.98,0.28182091,59205.38,0.26504216,59230.47,0.06,59205.37,0.12700531,59230.66,0.01,59205.36,0.03,59231.49,0.03,59204.74,0.13800005,59231.5,0.03,59204.73,0.03,59231.88,0.11830309,2024-07-13 23:59:37.559066
36,59217.19,0.00113969,59223.2,0.01376668,59216.12,0.33773344,59223.62,0.00578237,59215.36,0.0006601,59223.83,0.04964219,59213.99,0.03546464,59223.84,0.08273696,59213.98,0.05910765,59225.38,0.01,59210.78,0.00066777,59225.39,0.00018759,59210.23,0.33773344,59226.09,0.04227059,59209.95,0.00325042,59226.99,0.06395162,59209.34,0.33773344,59227.0,0.10658604,59208.64,0.06995168,59228.57,9.24e-06,59208.63,0.11658604,59229.62,0.16909263,59208.25,0.03,59229.67,0.04157403,59208.1,0.04311068,59229.69,0.05963981,59207.63,0.03,59229.97,0.10658604,59205.99,0.03,59229.98,0.28182091,59205.38,0.26504216,59230.47,0.06,59205.37,0.12700531,59230.66,0.01,59205.36,0.03,59231.49,0.03,59204.74,0.13800005,59231.5,0.03,59204.73,0.03,59231.88,0.11830309,2024-07-13 23:59:37.832350
37,59217.19,0.00113969,59223.2,0.00090985,59216.13,0.1310026,59223.62,0.00578237,59216.12,0.33773344,59223.82,0.00544937,59215.36,0.0006601,59223.83,0.04964219,59213.98,0.05910765,59223.84,0.08273696,59210.78,0.00066777,59225.39,0.00018759,59210.24,0.20264014,59226.09,0.04227059,59210.23,0.33773344,59226.98,0.01,59209.95,0.00325042,59226.99,0.06395162,59209.34,0.33773344,59227.0,0.10658604,59208.64,0.06995168,59228.57,9.24e-06,59208.63,0.11658604,59229.62,0.16909263,59208.25,0.03,59229.67,0.04157403,59208.1,0.04311068,59229.69,0.05963981,59207.63,0.03,59229.97,0.10658604,59205.99,0.03,59229.98,0.28182091,59205.38,0.26504216,59230.47,0.06,59205.37,0.12700531,59230.66,0.01,59205.36,0.03,59231.49,0.03,59204.74,0.13800005,59231.5,0.03,2024-07-13 23:59:37.934706
38,59217.19,0.00113969,59223.61,0.00550712,59216.13,0.1310026,59223.62,0.00682219,59216.12,0.33773344,59223.83,0.04964219,59215.36,0.0006601,59223.84,0.08273696,59213.98,0.05910765,59225.39,0.00018759,59210.78,0.00066777,59226.09,0.04227059,59210.24,0.20264014,59226.98,0.01,59210.23,0.33773344,59226.99,0.06395162,59209.95,0.00325042,59227.0,0.10658604,59209.34,0.33773344,59228.57,9.24e-06,59208.64,0.06995168,59229.62,0.16909263,59208.63,0.11658604,59229.67,0.04157403,59208.25,0.03,59229.69,0.05963981,59208.1,0.04311068,59229.97,0.10658604,59207.63,0.03,59229.98,0.28182091,59205.99,0.03,59230.47,0.06,59205.38,0.26504216,59230.66,0.01,59205.37,0.12700531,59231.49,0.03,59205.36,0.03,59231.5,0.03,59204.74,0.13800005,59231.88,0.11830309,2024-07-13 23:59:38.028279
39,59217.19,0.00113969,59223.61,0.00108321,59216.13,0.1310026,59223.62,0.00578237,59216.12,0.33773344,59223.83,0.04964219,59215.36,0.0006601,59223.84,0.08273696,59213.98,0.05910765,59225.39,0.00018759,59210.78,0.00066777,59226.09,0.04227059,59210.24,0.20264014,59226.98,0.01,59210.23,0.33773344,59226.99,0.06395162,59209.95,0.00325042,59227.0,0.10658604,59209.34,0.33773344,59228.57,9.24e-06,59208.64,0.06995168,59229.62,0.16909263,59208.63,0.11658604,59229.67,0.04157403,59208.25,0.03,59229.69,0.05963981,59208.1,0.04311068,59229.97,0.10658604,59207.63,0.03,59229.98,0.28182091,59205.99,0.03,59230.47,0.06,59205.38,0.26504216,59230.66,0.01,59205.37,0.12700531,59231.49,0.03,59205.36,0.03,59231.5,0.03,59204.74,0.13800005,59231.88,0.11830309,2024-07-13 23:59:38.150897
40,59217.19,0.00113969,59223.6,0.08457946,59216.13,0.1310026,59223.61,0.12008321,59216.12,0.33773344,59223.84,0.08273696,59215.36,0.0006601,59225.39,0.00018759,59213.98,0.05910765,59226.08,0.02536237,59210.78,0.00066777,59226.09,0.04227059,59210.24,0.20264014,59226.98,0.01,59210.23,0.33773344,59226.99,0.06395162,59209.95,0.00325042,59227.0,0.10658604,59209.34,0.33773344,59228.57,9.24e-06,59208.64,0.06995168,59229.62,0.16909263,59208.63,0.11658604,59229.67,0.04157403,59208.25,0.03,59229.69,0.05963981,59208.1,0.04311068,59229.97,0.10658604,59207.63,0.03,59229.98,0.28182091,59205.99,0.03,59230.47,0.06,59205.38,0.26504216,59230.66,0.01,59205.37,0.12700531,59231.49,0.03,59205.36,0.03,59231.5,0.03,59204.74,0.13800005,59231.88,0.11830309,2024-07-13 23:59:38.183730
41,59217.19,0.00113969,59223.6,0.00108321,59216.13,0.1310026,59223.83,0.04964221,59216.12,0.33773344,59223.84,0.08273696,59215.36,0.0006601,59225.39,0.00018759,59213.98,0.05910765,59226.09,0.04227059,59210.78,0.00066777,59226.98,0.01,59210.24,0.20264014,59226.99,0.06395162,59210.23,0.33773344,59227.0,0.10658604,59209.95,0.00325042,59228.57,9.24e-06,59209.34,0.33773344,59229.62,0.16909263,59208.64,0.06995168,59229.67,0.04157403,59208.63,0.11658604,59229.69,0.05963981,59208.25,0.03,59229.97,0.10658604,59208.1,0.04311068,59229.98,0.28182091,59207.63,0.03,59230.47,0.06,59205.99,0.03,59230.66,0.01,59205.38,0.26504216,59231.49,0.03,59205.37,0.12700531,59231.5,0.03,59205.36,0.03,59231.88,0.11830309,59204.74,0.13800005,59232.02,0.11830309,2024-07-13 23:59:38.275626
42,59217.19,0.00113969,59223.83,0.05072541,59216.13,0.1310026,59223.84,0.08273696,59216.12,0.33773344,59225.39,0.00018759,59215.36,0.0006601,59226.09,0.04227059,59213.98,0.05910765,59226.98,0.01,59210.78,0.00066777,59226.99,0.06395162,59210.24,0.20264014,59227.0,0.10658604,59210.23,0.33773344,59228.57,9.24e-06,59209.95,0.00325042,59229.62,0.16909263,59209.34,0.33773344,59229.67,0.04157403,59208.64,0.06995168,59229.69,0.05963981,59208.63,0.11658604,59229.97,0.10658604,59208.25,0.03,59229.98,0.28182091,59208.1,0.04311068,59230.47,0.06,59207.63,0.03,59230.66,0.01,59205.99,0.03,59231.49,0.03,59205.38,0.26504216,59231.5,0.03,59205.37,0.12700531,59231.88,0.11830309,59205.36,0.03,59232.02,0.11830309,59204.74,0.13800005,59232.06,0.11830309,2024-07-13 23:59:38.400254
43,59217.19,0.00113969,59223.83,0.05072541,59216.13,0.1310026,59223.84,0.08273696,59216.12,0.33773344,59225.39,0.00018759,59215.36,0.0006601,59226.09,0.04227059,59213.98,0.05910765,59226.98,0.01,59210.78,0.00066777,59226.99,0.06395162,59210.24,0.20264014,59227.0,0.10658604,59210.23,0.33773344,59228.57,9.24e-06,59209.95,0.00325042,59229.62,0.16909263,59209.34,0.33773344,59229.67,0.04157403,59208.64,0.06995168,59229.69,0.05963981,59208.63,0.11658604,59229.97,0.10658604,59208.25,0.03,59229.98,0.28182091,59208.1,0.04311068,59230.47,0.06,59207.63,0.03,59230.66,0.01,59205.99,0.03,59231.49,0.03,59205.38,0.26504216,59231.5,0.03,59205.37,0.12700531,59231.88,0.11830309,59205.36,0.03,59232.02,0.11830309,59204.74,0.13800005,59232.06,0.11830309,2024-07-13 23:59:38.524757
44,59217.19,0.00113969,59223.83,0.05072541,59216.13,0.1310026,59223.84,0.08273696,59216.12,0.33773344,59225.39,0.00018759,59215.36,0.0006601,59226.09,0.04227059,59213.98,0.05910765,59226.98,0.01,59210.78,0.00066777,59226.99,0.06395162,59210.24,0.20264014,59227.0,0.10658604,59210.23,0.33773344,59228.57,9.24e-06,59209.95,0.00325042,59229.62,0.16909263,59209.34,0.33773344,59229.67,0.04157403,59208.64,0.06995168,59229.69,0.05963981,59208.63,0.11658604,59229.97,0.10658604,59208.25,0.03,59229.98,0.28182091,59208.1,0.04311068,59230.47,0.06,59207.63,0.03,59230.66,0.01,59205.99,0.03,59231.49,0.03,59205.38,0.26504216,59231.5,0.03,59205.37,0.12700531,59231.88,0.11830309,59205.36,0.03,59232.02,0.11830309,59204.74,0.13800005,59232.06,0.11830309,2024-07-13 23:59:38.588626
45,59217.19,0.00113969,59223.83,0.05072541,59216.13,0.1310026,59223.84,0.08273696,59216.12,0.33773344,59225.39,0.00018759,59215.36,0.0006601,59226.09,0.04227059,59213.98,0.05910765,59226.98,0.01,59210.78,0.00066777,59226.99,0.06395162,59210.24,0.20264014,59227.0,0.10658604,59210.23,0.33773344,59228.57,9.24e-06,59209.95,0.00325042,59229.62,0.16909263,59209.34,0.33773344,59229.67,0.04157403,59208.64,0.06995168,59229.69,0.05963981,59208.63,0.11658604,59229.97,0.10658604,59208.25,0.03,59229.98,0.28182091,59208.1,0.04311068,59230.47,0.06,59207.63,0.03,59230.66,0.01,59205.99,0.03,59231.49,0.03,59205.38,0.26504216,59231.5,0.03,59205.37,0.12700531,59231.88,0.11830309,59205.36,0.03,59232.02,0.11830309,59204.74,0.13800005,59232.06,0.11830309,2024-07-13 23:59:38.627299
46,59217.19,0.00113969,59223.83,0.0010832,59216.13,0.1310026,59225.17,0.07511601,59216.12,0.33773344,59225.18,0.08273508,59215.36,0.0006601,59225.39,0.00018759,59213.98,0.05910765,59226.09,0.04227059,59210.78,0.00066777,59226.98,0.01,59210.24,0.20264014,59226.99,0.06395162,59210.23,0.33773344,59227.0,0.10658604,59209.95,0.00325042,59228.57,9.24e-06,59209.34,0.33773344,59229.62,0.16909263,59208.64,0.06995168,59229.67,0.04157403,59208.63,0.11658604,59229.69,0.05963981,59208.25,0.03,59229.97,0.10658604,59208.1,0.04311068,59229.98,0.28182091,59207.63,0.03,59230.47,0.06,59205.99,0.03,59230.66,0.01,59205.38,0.26504216,59231.49,0.03,59205.37,0.12700531,59231.5,0.03,59205.36,0.03,59231.88,0.11830309,59204.74,0.13800005,59232.02,0.11830309,2024-07-13 23:59:38.719228
47,59217.19,0.00106403,59223.83,0.0010832,59216.13,0.1310026,59225.17,0.07511601,59216.12,0.33773344,59225.18,0.08273508,59215.36,0.0006601,59225.39,0.00018759,59213.98,0.05910765,59226.09,0.04227059,59210.78,0.00066777,59226.98,0.01,59210.24,0.20264014,59226.99,0.06395162,59210.23,0.33773344,59227.0,0.10658604,59209.95,0.00325042,59228.57,9.24e-06,59209.34,0.33773344,59229.62,0.16909263,59208.64,0.06995168,59229.67,0.04157403,59208.63,0.11658604,59229.69,0.05963981,59208.25,0.03,59229.97,0.10658604,59208.1,0.04311068,59229.98,0.28182091,59207.63,0.03,59230.47,0.06,59205.99,0.03,59230.66,0.01,59205.38,0.26504216,59231.49,0.03,59205.37,0.12700531,59231.5,0.03,59205.36,0.03,59231.88,0.11830309,59204.74,0.13800005,59232.02,0.11830309,2024-07-13 23:59:38.774953
48,59217.19,0.00106403,59224.89,0.00564004,59216.13,0.1310026,59225.04,0.08890223,59216.12,0.33773344,59225.16,0.00112648,59215.36,0.0006601,59225.18,0.08273508,59213.98,0.05910765,59225.39,0.00018759,59210.78,0.00066777,59226.09,0.04227059,59210.24,0.20264014,59226.98,0.01,59210.23,0.33773344,59226.99,0.06395162,59209.95,0.00325042,59227.0,0.10658604,59209.34,0.33773344,59228.57,9.24e-06,59208.64,0.06995168,59229.62,0.16909263,59208.63,0.11658604,59229.67,0.04157403,59208.25,0.03,59229.69,0.05963981,59208.1,0.04311068,59229.97,0.10658604,59207.63,0.03,59229.98,0.28182091,59205.99,0.03,59230.66,0.01,59205.38,0.26504216,59231.49,0.03,59205.37,0.12700531,59231.5,0.03,59205.36,0.03,59231.74,0.06,59204.74,0.13800005,59231.88,0.11830309,2024-07-13 23:59:38.849674
49,59217.19,0.00106403,59224.89,0.00564004,59216.13,0.1310026,59225.04,0.08890223,59216.12,0.33773344,59225.18,0.08273508,59215.36,0.0006601,59225.39,0.00018759,59213.98,0.05910765,59226.09,0.04227059,59210.78,0.00066777,59226.98,0.01,59210.24,0.20264014,59226.99,0.06395162,59210.23,0.33773344,59227.0,0.10658604,59209.95,0.00325042,59228.57,9.24e-06,59209.34,0.33773344,59229.62,0.16909263,59208.64,0.06995168,59229.67,0.04157403,59208.63,0.11658604,59229.69,0.05963981,59208.25,0.03,59229.97,0.10658604,59208.1,0.04311068,59229.98,0.28182091,59207.63,0.03,59230.66,0.01,59205.99,0.03,59231.49,0.03,59205.38,0.26504216,59231.5,0.03,59205.37,0.12700531,59231.74,0.06,59205.36,0.03,59231.88,0.11830309,59204.74,0.13800005,59232.02,0.11830309,2024-07-13 23:59:38.924947
50,59217.19,0.00106403,59224.89,0.00676652,59216.13,0.1310026,59225.04,0.08890223,59216.12,0.33773344,59225.18,0.08273508,59215.36,0.0006601,59225.39,0.00018759,59213.98,0.05910765,59226.09,0.04227059,59210.78,0.00066777,59226.98,0.01,59210.24,0.20264014,59226.99,0.06395162,59210.23,0.33773344,59227.0,0.10658604,59209.95,0.00325042,59228.57,9.24e-06,59209.34,0.33773344,59229.62,0.16909263,59208.64,0.06995168,59229.67,0.04157403,59208.63,0.11658604,59229.69,0.05963981,59208.25,0.03,59229.97,0.10658604,59208.1,0.04311068,59229.98,0.28182091,59207.63,0.03,59230.66,0.01,59205.99,0.03,59231.49,0.03,59205.38,0.26504216,59231.5,0.03,59205.37,0.12700531,59231.74,0.06,59205.36,0.03,59231.88,0.11830309,59204.74,0.13800005,59232.02,0.11830309,2024-07-13 23:59:38.949793
51,59217.19,0.00019521,59225.11,0.00822153,59216.14,0.33773344,59225.17,0.075116,59215.36,0.0006601,59225.18,0.08273508,59213.99,0.03546462,59225.39,0.00018759,59213.98,0.05910765,59226.09,0.04227059,59210.78,0.00066777,59226.98,0.01,59210.23,0.33773344,59226.99,0.06395167,59209.95,0.00325042,59227.0,0.10658604,59209.34,0.33773344,59228.57,9.24e-06,59208.64,0.06995168,59229.62,0.16909263,59208.63,0.11658604,59229.67,0.04157403,59208.25,0.03,59229.69,0.05963981,59208.1,0.04311068,59229.97,0.10658604,59207.63,0.03,59229.98,0.28182091,59205.99,0.03,59230.66,0.01,59205.38,0.26504216,59231.49,0.03,59205.37,0.12700531,59231.5,0.03,59205.36,0.03,59231.74,0.06,59204.74,0.13800005,59231.88,0.11830309,59204.73,0.03,59232.02,0.11830309,2024-07-13 23:59:39.175314
52,59217.19,0.00019521,59225.11,0.00822153,59216.14,0.33773344,59225.17,0.075116,59215.36,0.0006601,59225.18,0.08273508,59213.99,0.03546462,59225.39,0.00018759,59213.98,0.05910765,59226.09,0.04227059,59210.78,0.00066777,59226.98,0.01,59210.23,0.33773344,59226.99,0.06395167,59209.95,0.00325042,59227.0,0.10658604,59209.34,0.33773344,59228.57,9.24e-06,59208.64,0.06995168,59229.62,0.16909263,59208.63,0.11658604,59229.67,0.04157403,59208.25,0.03,59229.69,0.05963981,59208.1,0.04311068,59229.97,0.10658604,59207.63,0.03,59229.98,0.28182091,59205.99,0.03,59230.66,0.01,59205.38,0.26504216,59231.49,0.03,59205.37,0.12700531,59231.5,0.03,59205.36,0.03,59231.74,0.06,59204.74,0.13800005,59231.88,0.11830309,59204.73,0.03,59232.02,0.11830309,2024-07-13 23:59:39.236896
53,59217.19,0.00019521,59225.11,0.00822153,59216.14,0.33773344,59225.17,0.075116,59215.36,0.0006601,59225.18,0.08273508,59213.99,0.03546462,59225.39,0.00018759,59213.98,0.05910765,59226.09,0.04227059,59210.78,0.00066777,59226.98,0.01,59210.23,0.33773344,59226.99,0.06395167,59209.95,0.00325042,59227.0,0.10658604,59209.34,0.33773344,59228.57,9.24e-06,59208.64,0.06995168,59229.62,0.16909263,59208.63,0.11658604,59229.67,0.04157403,59208.25,0.03,59229.69,0.05963981,59208.1,0.04311068,59229.97,0.10658604,59207.63,0.03,59229.98,0.28182091,59205.99,0.03,59230.66,0.01,59205.38,0.26504216,59231.49,0.03,59205.37,0.12700531,59231.5,0.03,59205.36,0.03,59231.74,0.06,59204.74,0.13800005,59231.88,0.11830309,59204.73,0.03,59232.02,0.11830309,2024-07-13 23:59:39.396210
54,59217.19,0.00019521,59224.68,0.00657917,59216.14,0.33773344,59224.74,0.165,59215.36,0.0006601,59225.02,0.01347304,59213.99,0.03546462,59225.03,0.18504895,59213.98,0.05910765,59225.04,0.165,59210.78,0.00066777,59225.11,0.00116977,59210.23,0.33773344,59225.18,0.08273508,59209.95,0.00325042,59225.38,0.01,59209.34,0.33773344,59225.39,0.00018759,59208.64,0.06995168,59226.09,0.04227059,59208.63,0.11658604,59227.0,0.10658604,59208.25,0.03,59228.57,9.24e-06,59208.1,0.04311068,59229.62,0.16909263,59207.63,0.03,59229.67,0.04157403,59205.99,0.03,59229.69,0.05963981,59205.38,0.26504216,59229.97,0.10658604,59205.37,0.12700531,59229.98,0.28182091,59205.36,0.03,59230.66,0.01,59204.74,0.13800005,59231.49,0.03,59204.73,0.03,59231.5,0.03,2024-07-13 23:59:39.490351
55,59217.19,0.00019521,59224.03,0.00439083,59216.14,0.33773344,59224.08,0.01409274,59215.36,0.0006601,59224.09,0.165,59213.99,0.03546462,59224.66,0.2034868,59213.98,0.05910765,59224.74,0.165,59210.78,0.00066777,59225.18,0.08273508,59210.23,0.33773344,59225.38,0.01,59209.95,0.00325042,59225.39,0.00018759,59209.34,0.33773344,59226.09,0.04227059,59208.64,0.06995168,59227.0,0.10658604,59208.63,0.11658604,59228.57,9.24e-06,59208.25,0.03,59229.62,0.16909263,59208.1,0.04311068,59229.67,0.04157403,59207.63,0.03,59229.69,0.05963981,59205.99,0.03,59229.97,0.10658604,59205.38,0.26504216,59229.98,0.28182091,59205.37,0.12700531,59230.66,0.01,59205.36,0.03,59231.49,0.03,59204.74,0.13800005,59231.5,0.03,59204.73,0.03,59231.74,0.06,2024-07-13 23:59:39.575070
56,59217.19,0.00019521,59224.08,0.01409274,59216.14,0.33773344,59224.09,0.00121318,59215.36,0.0006601,59224.5,0.00521153,59213.99,0.03546462,59224.66,0.2034868,59213.98,0.05910765,59224.74,0.165,59210.78,0.00066777,59225.18,0.08273508,59210.23,0.33773344,59225.38,0.01,59209.95,0.00325042,59225.39,0.00018759,59209.34,0.33773344,59226.09,0.04227059,59208.64,0.06995168,59227.0,0.10658604,59208.63,0.11658604,59228.57,9.24e-06,59208.25,0.03,59229.62,0.16909263,59208.1,0.04311068,59229.67,0.04157403,59207.63,0.03,59229.69,0.05963981,59205.99,0.03,59229.97,0.10658604,59205.38,0.26504216,59229.98,0.28182091,59205.37,0.12700531,59230.66,0.01,59205.36,0.03,59231.49,0.03,59204.74,0.13800005,59231.5,0.03,59204.73,0.03,59231.74,0.06,2024-07-13 23:59:39.637492
57,59217.19,0.00019521,59224.08,0.01530592,59216.14,0.33773344,59225.01,0.00405859,59215.36,0.0006601,59225.17,0.08111598,59213.99,0.03546462,59225.18,0.08273508,59213.98,0.05910765,59225.38,0.01,59210.78,0.00066777,59225.39,0.00018759,59210.23,0.33773344,59226.09,0.04227059,59209.95,0.00325042,59226.99,0.06395165,59209.34,0.33773344,59227.0,0.10658604,59208.64,0.06995168,59228.57,9.24e-06,59208.63,0.11658604,59229.62,0.16909263,59208.25,0.03,59229.67,0.04157403,59208.1,0.04311068,59229.69,0.05963981,59207.63,0.03,59229.97,0.10658604,59205.99,0.03,59229.98,0.28182091,59205.38,0.26504216,59230.66,0.01,59205.37,0.12700531,59231.49,0.03,59205.36,0.03,59231.5,0.03,59204.74,0.13800005,59231.74,0.06,59204.73,0.03,59231.88,0.11830309,2024-07-13 23:59:39.725377
58,59217.19,0.00019521,59224.08,0.01530592,59216.14,0.33773344,59225.01,0.00405859,59215.36,0.0006601,59225.17,0.08111598,59213.99,0.03546462,59225.18,0.08273508,59213.98,0.05910765,59225.38,0.01,59210.78,0.00066777,59225.39,0.00018759,59210.23,0.33773344,59226.09,0.04227059,59209.95,0.00325042,59226.99,0.06395165,59209.34,0.33773344,59227.0,0.10658604,59208.64,0.06995168,59228.57,9.24e-06,59208.63,0.11658604,59229.62,0.16909263,59208.25,0.03,59229.67,0.04157403,59208.1,0.04311068,59229.69,0.05963981,59207.63,0.03,59229.97,0.10658604,59205.99,0.03,59229.98,0.28182091,59205.38,0.26504216,59230.66,0.01,59205.37,0.12700531,59231.49,0.03,59205.36,0.03,59231.5,0.03,59204.74,0.13800005,59231.74,0.06,59204.73,0.03,59231.88,0.11830309,2024-07-13 23:59:39.841737
59,59217.19,0.00019521,59224.02,0.00963758,59216.14,0.33773344,59224.03,0.01017,59215.36,0.0006601,59224.08,0.00121318,59213.99,0.03546462,59225.01,0.00678265,59213.98,0.05910765,59225.17,0.08111598,59210.78,0.00066777,59225.18,0.08273508,59210.23,0.33773344,59225.38,0.01,59209.95,0.00325042,59225.39,0.00018759,59209.34,0.33773344,59226.09,0.04227059,59208.64,0.06995168,59226.99,0.06395165,59208.63,0.11658604,59227.0,0.10658604,59208.25,0.03,59228.57,9.24e-06,59208.1,0.04311068,59229.62,0.16909263,59207.63,0.03,59229.67,0.04157403,59205.99,0.03,59229.69,0.05963981,59205.38,0.26504216,59229.97,0.10658604,59205.37,0.12700531,59229.98,0.28182091,59205.36,0.03,59230.66,0.01,59204.74,0.13800005,59231.49,0.03,59204.73,0.03,59231.5,0.03,2024-07-13 23:59:39.961466
60,59216.14,0.33749123,59224.02,0.01089406,59215.36,0.0006601,59224.03,0.01017,59213.99,0.03546462,59225.01,0.00678265,59213.98,0.05910765,59225.17,0.08111598,59210.78,0.00066777,59225.18,0.08273508,59210.24,0.20264011,59225.38,0.01,59210.23,0.33773344,59225.39,0.00018759,59209.95,0.00325042,59226.09,0.04227059,59209.34,0.33773344,59226.99,0.06395165,59208.64,0.06995168,59227.0,0.10658604,59208.63,0.11658604,59228.57,9.24e-06,59208.25,0.03,59229.62,0.16909263,59208.1,0.04311068,59229.67,0.04157403,59207.63,0.03,59229.69,0.05963981,59205.99,0.03,59229.97,0.10658604,59205.38,0.26504216,59229.98,0.28182091,59205.37,0.12700531,59230.66,0.01,59205.36,0.03,59231.49,0.03,59204.74,0.13800005,59231.5,0.03,59204.73,0.03,59231.74,0.06,2024-07-13 23:59:40.050129
61,59216.14,0.33749123,59224.02,0.01089406,59215.36,0.0006601,59224.03,0.01017,59213.99,0.03546462,59225.01,0.00678265,59213.98,0.05910765,59225.17,0.08111598,59210.78,0.00066777,59225.18,0.08273508,59210.24,0.20264011,59225.38,0.01,59210.23,0.33773344,59225.39,0.00018759,59209.95,0.00325042,59226.09,0.04227059,59209.34,0.33773344,59226.99,0.06395165,59208.64,0.06995168,59227.0,0.10658604,59208.63,0.11658604,59228.57,9.24e-06,59208.25,0.03,59229.62,0.16909263,59208.1,0.04311068,59229.67,0.04157403,59207.63,0.03,59229.69,0.05963981,59205.99,0.03,59229.97,0.10658604,59205.38,0.26504216,59229.98,0.28182091,59205.37,0.12700531,59230.66,0.01,59205.36,0.03,59231.49,0.03,59204.74,0.13800005,59231.5,0.03,59204.73,0.03,59231.74,0.06,2024-07-13 23:59:40.128033
62,59216.14,0.33749123,59224.02,0.01089406,59215.36,0.0006601,59224.03,0.01017,59213.99,0.03546462,59225.01,0.00678265,59213.98,0.05910765,59225.17,0.08111598,59210.78,0.00066777,59225.18,0.08273508,59210.24,0.20264011,59225.38,0.01,59210.23,0.33773344,59225.39,0.00018759,59209.95,0.00325042,59226.09,0.04227059,59209.34,0.33773344,59226.99,0.06395165,59208.64,0.06995168,59227.0,0.10658604,59208.63,0.11658604,59228.57,9.24e-06,59208.25,0.03,59229.62,0.16909263,59208.1,0.04311068,59229.67,0.04157403,59207.63,0.03,59229.69,0.05963981,59205.99,0.03,59229.97,0.10658604,59205.38,0.26504216,59229.98,0.28182091,59205.37,0.12700531,59230.66,0.01,59205.36,0.03,59231.49,0.03,59204.74,0.13800005,59231.5,0.03,59204.73,0.03,59231.74,0.06,2024-07-13 23:59:40.239144
63,59216.14,0.33749123,59224.02,0.01089406,59215.36,0.0006601,59224.03,0.01017,59213.99,0.03546462,59225.01,0.00678265,59213.98,0.05910765,59225.17,0.08111598,59210.78,0.00066777,59225.18,0.08273508,59210.24,0.20264011,59225.38,0.01,59210.23,0.33773344,59225.39,0.00018759,59209.95,0.00325042,59226.09,0.04227059,59209.34,0.33773344,59226.99,0.06395165,59208.64,0.06995168,59227.0,0.10658604,59208.63,0.11658604,59228.57,9.24e-06,59208.25,0.03,59229.62,0.16909263,59208.1,0.04311068,59229.67,0.04157403,59207.63,0.03,59229.69,0.05963981,59205.99,0.03,59229.97,0.10658604,59205.38,0.26504216,59229.98,0.28182091,59205.37,0.12700531,59230.66,0.01,59205.36,0.03,59231.49,0.03,59204.74,0.13800005,59231.5,0.03,59204.73,0.03,59231.74,0.06,2024-07-13 23:59:40.349561
64,59216.14,0.33749123,59224.02,0.01089406,59215.36,0.0006601,59224.03,0.01017,59213.99,0.03546462,59225.01,0.00678265,59213.98,0.05910765,59225.17,0.08111598,59210.78,0.00066777,59225.18,0.08273508,59210.24,0.20264011,59225.38,0.01,59210.23,0.33773344,59225.39,0.00018759,59209.95,0.00325042,59226.09,0.04227059,59209.34,0.33773344,59226.99,0.06395165,59208.64,0.06995168,59227.0,0.10658604,59208.63,0.11658604,59228.57,9.24e-06,59208.25,0.03,59229.62,0.16909263,59208.1,0.04311068,59229.67,0.04157403,59207.63,0.03,59229.69,0.05963981,59205.99,0.03,59229.97,0.10658604,59205.38,0.26504216,59229.98,0.28182091,59205.37,0.12700531,59230.66,0.01,59205.36,0.03,59231.49,0.03,59204.74,0.13800005,59231.5,0.03,59204.73,0.03,59231.74,0.06,2024-07-13 23:59:40.400185
65,59216.14,0.33749123,59224.02,0.01089406,59215.36,0.0006601,59224.03,0.01017,59213.99,0.03546462,59225.01,0.00678265,59213.98,0.05910765,59225.17,0.08111598,59210.78,0.00066777,59225.18,0.08273508,59210.24,0.20264011,59225.38,0.01,59210.23,0.33773344,59225.39,0.00018759,59209.95,0.00325042,59226.09,0.04227059,59209.34,0.33773344,59226.99,0.06395165,59208.64,0.06995168,59227.0,0.10658604,59208.63,0.11658604,59228.57,9.24e-06,59208.25,0.03,59229.62,0.16909263,59208.1,0.04311068,59229.67,0.04157403,59207.63,0.03,59229.69,0.05963981,59205.99,0.03,59229.97,0.10658604,59205.38,0.26504216,59229.98,0.28182091,59205.37,0.12700531,59230.66,0.01,59205.36,0.03,59231.49,0.03,59204.74,0.13800005,59231.5,0.03,59204.73,0.03,59231.74,0.06,2024-07-13 23:59:40.575019
66,59216.14,0.33749123,59224.02,0.01089406,59215.36,0.0006601,59224.03,0.01017,59213.99,0.03546462,59225.01,0.00678265,59213.98,0.05910765,59225.17,0.08111598,59210.78,0.00066777,59225.18,0.08273508,59210.24,0.20264011,59225.38,0.01,59210.23,0.33773344,59225.39,0.00018759,59209.95,0.00325042,59226.09,0.04227059,59209.34,0.33773344,59226.99,0.06395165,59208.64,0.06995168,59227.0,0.10658604,59208.63,0.11658604,59228.57,9.24e-06,59208.25,0.03,59229.62,0.16909263,59208.1,0.04311068,59229.67,0.04157403,59207.63,0.03,59229.69,0.05963981,59205.99,0.03,59229.97,0.10658604,59205.38,0.26504216,59229.98,0.28182091,59205.37,0.12700531,59230.66,0.01,59205.36,0.03,59231.49,0.03,59204.74,0.13800005,59231.5,0.03,59204.73,0.03,59231.74,0.06,2024-07-13 23:59:41.078971
67,59216.14,0.33749123,59224.0,0.1578419,59215.36,0.0006601,59224.01,0.129,59213.99,0.03546462,59224.02,0.00125648,59213.98,0.05910765,59224.03,0.01017,59210.78,0.00066777,59225.18,0.08273508,59210.24,0.20264011,59225.38,0.01,59210.23,0.33773344,59225.39,0.00018759,59209.95,0.00325042,59226.09,0.04227059,59209.34,0.33773344,59227.0,0.10658604,59208.64,0.06995168,59228.57,9.24e-06,59208.63,0.11658604,59229.62,0.16909263,59208.25,0.03,59229.67,0.04157403,59208.1,0.04311068,59229.69,0.05963981,59207.63,0.03,59229.97,0.10658604,59205.99,0.03,59229.98,0.28182091,59205.38,0.26504216,59230.66,0.01,59205.37,0.12700531,59231.49,0.03,59205.36,0.03,59231.5,0.03,59204.74,0.13800005,59231.74,0.06,59204.73,0.03,59231.88,0.11850309,2024-07-13 23:59:41.184504
68,59216.14,0.33749123,59224.0,0.01543581,59215.36,0.0006601,59224.03,0.01017,59213.99,0.03546462,59225.12,0.00501504,59213.98,0.05910765,59225.17,0.08111596,59210.78,0.00066777,59225.18,0.08273508,59210.24,0.20264011,59225.38,0.01,59210.23,0.33773344,59225.39,0.00018759,59209.95,0.00325042,59226.09,0.04227059,59209.34,0.33773344,59226.99,0.06395163,59208.64,0.06995168,59227.0,0.10658604,59208.63,0.11658604,59228.57,9.24e-06,59208.25,0.03,59229.62,0.16909263,59208.1,0.04311068,59229.67,0.04157403,59207.63,0.03,59229.69,0.05963981,59205.99,0.03,59229.97,0.10658604,59205.38,0.26504216,59229.98,0.28182091,59205.37,0.12700531,59230.66,0.01,59205.36,0.03,59231.49,0.03,59204.74,0.13800005,59231.5,0.03,59204.73,0.03,59231.74,0.06,2024-07-13 23:59:41.279771
69,59216.14,0.33749123,59224.0,0.01543581,59215.36,0.0006601,59224.03,0.01017,59213.99,0.03546462,59225.12,0.00501504,59213.98,0.05910765,59225.17,0.08111596,59210.78,0.00066777,59225.18,0.08273508,59210.24,0.20264011,59225.38,0.01,59210.23,0.33773344,59225.39,0.00018759,59209.95,0.00325042,59226.09,0.04227059,59209.34,0.33773344,59226.99,0.06395163,59208.64,0.06995168,59227.0,0.10658604,59208.63,0.11658604,59228.57,9.24e-06,59208.25,0.03,59229.62,0.16909263,59208.1,0.04311068,59229.67,0.04157403,59207.63,0.03,59229.69,0.05963981,59205.99,0.03,59229.97,0.10658604,59205.38,0.26504216,59229.98,0.28182091,59205.37,0.12700531,59230.66,0.01,59205.36,0.03,59231.49,0.03,59204.74,0.13800005,59231.5,0.03,59204.73,0.03,59231.74,0.06,2024-07-13 23:59:41.319731
70,59216.14,0.33749123,59224.0,0.01543581,59215.36,0.0006601,59224.03,0.01017,59213.99,0.03546462,59225.12,0.00523581,59213.98,0.05910765,59225.17,0.08111596,59210.78,0.00066777,59225.18,0.08273508,59210.24,0.20264011,59225.38,0.01,59210.23,0.33773344,59225.39,0.00018759,59209.95,0.00325042,59226.09,0.04227059,59209.34,0.33773344,59226.99,0.06395163,59208.64,0.06995168,59227.0,0.10658604,59208.63,0.11658604,59228.57,9.24e-06,59208.25,0.03,59229.62,0.16909263,59208.1,0.04311068,59229.67,0.04157403,59207.63,0.03,59229.69,0.05963981,59205.99,0.03,59229.97,0.10658604,59205.38,0.26504216,59229.98,0.28182091,59205.37,0.12700531,59230.66,0.01,59205.36,0.03,59231.49,0.03,59204.74,0.13800005,59231.5,0.03,59204.73,0.03,59231.74,0.06,2024-07-13 23:59:41.413778
71,59216.14,0.33749123,59224.0,0.01520996,59215.36,0.0006601,59224.03,0.01017,59213.99,0.03546462,59225.12,0.00553612,59213.98,0.05910765,59225.17,0.08111596,59210.78,0.00066777,59225.18,0.08273508,59210.24,0.20264011,59225.38,0.01,59210.23,0.33773344,59225.39,0.00018759,59209.95,0.00325042,59226.09,0.04227059,59209.34,0.33773344,59226.99,0.06395163,59208.64,0.06995168,59227.0,0.10658604,59208.63,0.11658604,59228.57,9.24e-06,59208.25,0.03,59229.62,0.16909263,59208.1,0.04311068,59229.67,0.04157403,59207.63,0.03,59229.69,0.05963981,59205.99,0.03,59229.97,0.10658604,59205.38,0.26504216,59229.98,0.28182091,59205.37,0.12700531,59230.66,0.01,59205.36,0.03,59231.49,0.03,59204.74,0.13800005,59231.5,0.03,59204.73,0.03,59231.74,0.06,2024-07-13 23:59:41.515375
72,59216.14,0.33749123,59224.0,0.01520996,59215.36,0.0006601,59224.03,0.01017,59213.99,0.03546462,59225.12,0.00643189,59213.98,0.05910765,59225.17,0.08111596,59210.78,0.00066777,59225.18,0.08273508,59210.24,0.20264011,59225.38,0.01,59210.23,0.33773344,59225.39,0.00018759,59209.95,0.00325042,59226.09,0.04227059,59209.34,0.33773344,59226.99,0.06395163,59208.64,0.06995168,59227.0,0.10658604,59208.63,0.11658604,59228.57,9.24e-06,59208.25,0.03,59229.62,0.16909263,59208.1,0.04311068,59229.67,0.04157403,59207.63,0.03,59229.69,0.05963981,59205.99,0.03,59229.97,0.10658604,59205.38,0.26504216,59229.98,0.28182091,59205.37,0.12700531,59230.66,0.01,59205.36,0.03,59231.49,0.03,59204.74,0.13800005,59231.5,0.03,59204.73,0.03,59231.74,0.06,2024-07-13 23:59:41.693781
73,59216.15,0.33773344,59224.0,0.00134307,59216.14,0.00019504,59224.03,0.01017,59215.36,0.0006601,59225.12,0.0068235,59213.99,0.03546462,59225.17,0.08111596,59213.98,0.05910765,59225.18,0.08273508,59210.78,0.00066777,59225.38,0.01,59210.23,0.33773344,59225.39,0.00018759,59209.95,0.00325042,59226.09,0.04227059,59209.34,0.33773344,59226.99,0.06395163,59208.64,0.06995168,59227.0,0.10658604,59208.63,0.11658604,59228.57,9.24e-06,59208.25,0.03,59229.62,0.16909263,59208.1,0.04311068,59229.67,0.04157403,59207.63,0.03,59229.69,0.05963981,59205.99,0.03,59229.97,0.10658604,59205.38,0.26504216,59229.98,0.28182091,59205.37,0.12700531,59230.66,0.01,59205.36,0.03,59231.49,0.03,59204.74,0.13800005,59231.5,0.03,59204.73,0.03,59231.74,0.06,2024-07-13 23:59:41.914252
74,59216.15,0.33773344,59224.03,0.01155645,59216.14,0.00019504,59225.12,0.00752611,59215.36,0.0006601,59225.17,0.08111596,59213.99,0.03546462,59225.18,0.08273508,59213.98,0.05910765,59225.38,0.01,59210.78,0.00066777,59225.39,0.00018759,59210.23,0.33773344,59226.09,0.04227059,59209.95,0.00325042,59226.99,0.06395163,59209.34,0.33773344,59227.0,0.10658604,59208.64,0.06995168,59228.57,9.24e-06,59208.63,0.11658604,59229.62,0.16909263,59208.25,0.03,59229.67,0.04157403,59208.1,0.04311068,59229.69,0.05963981,59207.63,0.03,59229.97,0.10658604,59205.99,0.03,59229.98,0.28182091,59205.38,0.26504216,59230.66,0.01,59205.37,0.12700531,59231.49,0.03,59205.36,0.03,59231.5,0.03,59204.74,0.13800005,59231.74,0.06,59204.73,0.03,59231.88,0.11850309,2024-07-13 23:59:42.034251
75,59216.15,0.33773344,59223.96,0.0036098,59216.14,0.00019504,59224.01,0.17007098,59215.36,0.0006601,59224.02,0.165,59213.99,0.03546462,59224.03,0.01155645,59213.98,0.05910765,59225.18,0.08273508,59210.78,0.00066777,59225.38,0.01,59210.23,0.33773344,59225.39,0.00018759,59209.95,0.00325042,59227.0,0.10658604,59209.34,0.33773344,59228.57,9.24e-06,59208.64,0.06995168,59229.62,0.16909263,59208.63,0.11658604,59229.69,0.05963981,59208.25,0.03,59229.97,0.10658604,59207.63,0.03,59229.98,0.28182091,59205.99,0.03,59230.66,0.01,59205.38,0.26504216,59231.49,0.03,59205.37,0.12700531,59231.5,0.03,59205.36,0.03,59231.74,0.06,59204.74,0.13800005,59231.88,0.11850309,59204.73,0.03,59232.02,0.11830309,59204.69,0.05839276,59232.06,0.11830309,2024-07-13 23:59:42.168687
76,59216.14,0.00019504,59221.5,0.00463818,59215.36,0.0006601,59221.7,0.11272409,59214.0,0.04666964,59221.71,0.165,59213.99,0.33773344,59222.51,0.01287345,59210.78,0.00066777,59223.93,0.00142975,59210.24,0.17286084,59224.03,0.01017,59210.23,0.33773344,59225.39,0.00018759,59210.13,0.0591115,59227.0,0.10658604,59209.95,0.00325042,59228.33,0.03600004,59209.34,0.33773344,59228.34,0.06,59208.63,0.11658604,59228.57,9.24e-06,59206.0,0.018,59229.62,0.16909263,59205.99,0.03,59229.69,0.05963981,59205.38,0.26504216,59229.97,0.10658604,59205.37,0.12700531,59229.98,0.28182091,59205.36,0.03,59230.32,0.03,59204.74,0.13800005,59230.66,0.01,59204.73,0.03,59230.91,0.03,59204.69,0.05839276,59231.49,0.03,59204.11,0.10658604,59231.5,0.03,2024-07-13 23:59:42.310142
77,59216.14,0.00013268,59222.49,0.01,59215.36,0.0006601,59222.51,0.01430324,59210.78,0.00066777,59223.85,0.00169696,59210.01,0.01058844,59223.99,0.00879474,59209.95,0.00325042,59224.03,0.01017,59208.68,0.02755652,59224.14,0.01883929,59208.63,0.05538695,59224.15,0.03139875,59208.6,0.01087388,59225.39,0.00018759,59208.44,0.03110482,59226.99,0.06395168,59208.26,0.0446045,59227.0,0.10658604,59208.0,0.0246881,59228.34,0.06,59207.87,0.43381339,59228.57,9.24e-06,59207.86,0.26504216,59229.14,0.03,59207.77,0.01207961,59229.36,0.06,59207.7,0.036186,59229.62,0.16909263,59207.11,0.10658604,59229.69,0.05963981,59206.74,0.33773344,59229.73,0.03,59205.85,0.33773344,59229.97,0.10658604,59205.76,0.05911586,59229.98,0.28182091,59204.96,0.33773344,59230.31,0.13358513,2024-07-13 23:59:42.607128
78,59216.14,0.00013268,59222.47,0.01056141,59215.36,0.0006601,59222.49,0.01147309,59210.78,0.00066777,59223.98,0.00931793,59210.01,0.01058844,59224.03,0.01017,59209.95,0.00325042,59224.14,0.01883926,59208.85,0.01163619,59224.15,0.03139875,59208.73,0.03203305,59225.39,0.00018759,59208.69,0.29785376,59226.99,0.06395168,59208.68,0.02755652,59227.0,0.10658604,59208.63,0.05538695,59228.34,0.06,59208.44,0.03110482,59228.57,9.24e-06,59208.26,0.0446045,59229.14,0.03,59208.01,0.26504216,59229.36,0.06,59208.0,0.0246881,59229.62,0.16909263,59207.77,0.01207961,59229.69,0.05963981,59207.7,0.036186,59229.73,0.03,59207.11,0.10658604,59229.97,0.10658604,59206.74,0.33773344,59229.98,0.28182091,59205.85,0.33773344,59230.31,0.13358513,59205.76,0.05911586,59230.32,0.03,2024-07-13 23:59:42.717361
79,59216.14,0.00013268,59221.76,0.00351228,59215.36,0.0006601,59221.82,0.10436271,59210.78,0.00066777,59222.44,0.165,59210.01,0.01058844,59222.47,0.01056141,59209.95,0.00325042,59222.49,0.01,59209.6,0.09560256,59224.03,0.01017,59209.59,0.04856768,59224.15,0.03139875,59209.4,0.00706646,59225.39,0.00018759,59209.3,0.02512567,59226.99,0.06395168,59208.96,0.02690362,59227.0,0.10658604,59208.89,0.01604832,59228.34,0.06,59208.88,0.03562582,59228.57,9.24e-06,59208.73,0.03203305,59229.14,0.03,59208.68,0.02755652,59229.36,0.06,59208.44,0.03110482,59229.62,0.16909263,59207.13,0.26504216,59229.69,0.05963981,59207.12,0.26659173,59229.73,0.03,59207.11,0.10658604,59229.97,0.10658604,59206.74,0.33773344,59229.98,0.28182091,59205.85,0.33773344,59230.31,0.13358513,2024-07-13 23:59:42.810259
80,59216.14,0.00013268,59222.47,0.0120345,59215.36,0.0006601,59222.49,0.01,59210.78,0.00066777,59223.99,0.0069459,59210.46,0.16533141,59224.03,0.01017,59210.45,0.05465977,59224.14,0.01883932,59210.26,0.00936593,59224.15,0.03139875,59210.15,0.02400887,59225.39,0.00018759,59210.11,0.03366044,59226.99,0.06395168,59210.1,0.10658604,59227.0,0.10658604,59210.09,0.0249577,59228.34,0.06,59210.08,0.03419975,59228.57,9.24e-06,59210.02,0.33773344,59229.14,0.03,59210.01,0.01058844,59229.36,0.06,59209.97,0.028237,59229.62,0.16909263,59209.96,0.03139875,59229.69,0.05963981,59209.95,0.00325042,59229.73,0.03,59209.65,0.04367391,59229.97,0.10658604,59209.63,0.04262154,59229.98,0.28182091,59209.3,0.02512567,59230.31,0.13358513,59207.13,0.26504216,59230.32,0.03,2024-07-13 23:59:42.952305
81,59216.14,0.00013268,59217.95,0.0237,59215.36,0.0006601,59217.96,0.0395,59211.4,0.00173868,59222.47,0.01207779,59211.25,0.04487291,59222.49,0.01,59211.23,0.02077849,59224.03,0.01017,59211.19,0.0282915,59224.14,0.03600002,59211.18,0.03015539,59224.15,0.03139875,59211.12,0.04147213,59224.79,0.06,59211.05,0.02432715,59225.39,0.00018759,59210.9,0.04222436,59226.99,0.06395168,59210.87,0.00784327,59227.0,0.10658604,59210.78,0.00066777,59228.34,0.06,59210.58,0.0238761,59228.57,9.24e-06,59210.52,0.06621641,59229.14,0.03,59210.1,0.10658604,59229.36,0.06,59210.02,0.33773344,59229.62,0.16909263,59209.96,0.03139875,59229.69,0.05963981,59209.95,0.00325042,59229.73,0.03,59207.14,0.06395163,59229.96,0.1615266,59207.11,0.10658604,59229.97,0.10658604,2024-07-13 23:59:43.077130
82,59216.14,0.00013268,59217.95,0.0237,59215.36,0.0006601,59217.96,0.0395,59211.4,0.00173868,59222.47,0.01207779,59211.25,0.04487291,59222.49,0.01,59211.23,0.02077849,59224.03,0.01017,59211.19,0.0282915,59224.14,0.03600002,59211.18,0.03015539,59224.15,0.03139875,59211.12,0.04147213,59224.79,0.06,59211.05,0.02432715,59225.39,0.00018759,59210.9,0.04222436,59226.99,0.06395168,59210.87,0.00784327,59227.0,0.10658604,59210.78,0.00066777,59228.34,0.06,59210.58,0.0238761,59228.57,9.24e-06,59210.52,0.06621641,59229.14,0.03,59210.1,0.10658604,59229.36,0.06,59210.02,0.33773344,59229.62,0.16909263,59209.96,0.03139875,59229.69,0.05963981,59209.95,0.00325042,59229.73,0.03,59207.14,0.06395163,59229.96,0.1615266,59207.11,0.10658604,59229.97,0.10658604,2024-07-13 23:59:43.133052
83,59216.14,0.00013268,59217.95,0.0237,59215.36,0.0006601,59217.96,0.0395,59211.4,0.00173868,59222.47,0.01207779,59211.25,0.04487291,59222.49,0.01,59211.23,0.02077849,59224.03,0.01017,59211.19,0.0282915,59224.14,0.03600002,59211.18,0.03015539,59224.15,0.03139875,59211.12,0.04147213,59224.79,0.06,59211.05,0.02432715,59225.39,0.00018759,59210.9,0.04222436,59226.99,0.06395168,59210.87,0.00784327,59227.0,0.10658604,59210.78,0.00066777,59228.57,9.24e-06,59210.58,0.0238761,59229.14,0.03,59210.52,0.06621641,59229.36,0.06,59210.1,0.10658604,59229.62,0.16909263,59210.02,0.33773344,59229.69,0.05963981,59209.96,0.03139875,59229.73,0.03,59209.95,0.00325042,59229.96,0.1615266,59207.14,0.06395163,59229.97,0.10658604,59207.11,0.10658604,59229.98,0.28182091,2024-07-13 23:59:43.205218
84,59216.14,0.00013268,59217.95,0.0237,59215.36,0.0006601,59217.96,0.0395,59211.23,0.02077849,59222.49,0.00151638,59211.18,0.03015539,59224.02,0.00909199,59211.12,0.04147213,59224.03,0.01017,59211.05,0.02432715,59224.14,0.03600002,59210.9,0.04222436,59224.15,0.03139875,59210.87,0.00784327,59224.79,0.06,59210.78,0.00066777,59225.39,0.00018759,59210.58,0.0238761,59226.99,0.06395168,59210.52,0.02611778,59227.0,0.10658604,59210.1,0.10658604,59228.57,9.24e-06,59210.02,0.33773344,59229.14,0.03,59209.96,0.03139875,59229.36,0.06,59209.95,0.00325042,59229.62,0.16909263,59207.14,0.06395163,59229.69,0.05963981,59207.11,0.10658604,59229.73,0.03,59205.87,0.26504216,59229.96,0.1615266,59205.86,0.01,59229.97,0.10658604,59205.85,0.33773344,59229.98,0.28182091,2024-07-13 23:59:43.304275
85,59216.14,0.00013268,59217.95,0.0237,59215.36,0.0006601,59217.96,0.0395,59211.23,0.02077849,59224.02,0.01060833,59211.18,0.03015539,59224.03,0.01017,59211.12,0.04147213,59224.14,0.03600002,59211.05,0.02432715,59224.15,0.03139875,59210.9,0.04222436,59224.79,0.06,59210.87,0.00784327,59225.39,0.00018759,59210.78,0.00066777,59226.99,0.06395168,59210.58,0.0238761,59227.0,0.10658604,59210.52,0.02611778,59228.57,9.24e-06,59210.1,0.10658604,59229.14,0.03,59210.02,0.33773344,59229.36,0.06,59209.96,0.03139875,59229.62,0.16909263,59209.95,0.00325042,59229.69,0.05963981,59207.14,0.06395163,59229.73,0.03,59207.11,0.10658604,59229.96,0.1615266,59205.87,0.26504216,59229.97,0.10658604,59205.86,0.01,59229.98,0.28182091,59205.85,0.33773344,59230.31,0.13358513,2024-07-13 23:59:43.425356
86,59216.14,0.00013268,59217.95,0.0237,59215.36,0.0006601,59217.96,0.0395,59211.23,0.02077849,59224.01,0.01003479,59211.18,0.03015539,59224.02,0.00151634,59211.05,0.02432715,59224.03,0.01017,59210.87,0.00784327,59224.14,0.03600002,59210.78,0.00066777,59224.15,0.03139875,59210.52,0.02611778,59224.79,0.06,59210.1,0.10658604,59225.39,0.00018759,59210.02,0.33773344,59226.99,0.06395168,59209.96,0.03139875,59227.0,0.10658604,59209.95,0.00325042,59228.57,9.24e-06,59207.14,0.06395163,59229.14,0.03,59207.11,0.10658604,59229.36,0.06,59205.87,0.26504216,59229.62,0.16909263,59205.86,0.01,59229.69,0.05963981,59205.85,0.33773344,59229.73,0.03,59205.76,0.05911586,59229.96,0.1615266,59205.27,0.03,59229.97,0.10658604,59204.96,0.33773344,59229.98,0.28182091,2024-07-13 23:59:43.549636
87,59216.14,0.00013268,59217.95,0.0237,59215.36,0.0006601,59217.96,0.0395,59211.23,0.02077849,59222.46,0.06045586,59211.18,0.03015539,59222.47,0.10075967,59211.05,0.02432715,59224.01,0.01003479,59210.87,0.00784327,59224.03,0.01017,59210.78,0.00066777,59224.15,0.03139875,59210.52,0.02611778,59224.79,0.06,59210.1,0.10658604,59225.39,0.00018759,59210.02,0.33773344,59226.99,0.06395168,59209.96,0.03139875,59227.0,0.10658604,59209.95,0.00325042,59228.4,0.09855354,59207.14,0.06395163,59228.57,9.24e-06,59207.11,0.10658604,59229.14,0.03,59205.87,0.26504216,59229.36,0.06,59205.86,0.01,59229.62,0.16909263,59205.85,0.33773344,59229.69,0.05963981,59205.76,0.15758037,59229.73,0.03,59205.27,0.03,59229.96,0.1615266,59204.96,0.33773344,59229.97,0.10658604,2024-07-13 23:59:43.625625
88,59216.14,0.00013268,59217.95,0.0237,59215.36,0.0006601,59217.96,0.0395,59211.23,0.02077849,59222.46,0.06201554,59211.18,0.03015539,59222.47,0.10075967,59211.05,0.02432715,59224.01,0.01003479,59210.87,0.00784327,59224.03,0.01017,59210.78,0.00066777,59224.15,0.03139875,59210.52,0.02611778,59224.79,0.06,59210.1,0.10658604,59225.39,0.00018759,59210.02,0.33773344,59226.99,0.06395168,59209.96,0.03139875,59227.0,0.10658604,59209.95,0.00325042,59228.4,0.09855354,59207.14,0.06395163,59228.57,9.24e-06,59207.11,0.10658604,59229.14,0.03,59205.87,0.26504216,59229.36,0.06,59205.86,0.01,59229.62,0.16909263,59205.85,0.33773344,59229.69,0.05963981,59205.76,0.15758037,59229.73,0.03,59205.27,0.03,59229.96,0.1615266,59204.96,0.33773344,59229.97,0.10658604,2024-07-13 23:59:43.699722
89,59216.14,0.00013268,59217.95,0.0237,59215.36,0.0006601,59217.96,0.0395,59211.23,0.02077849,59222.44,0.00893907,59211.18,0.03015539,59222.45,0.01,59211.05,0.02432715,59222.46,0.06045586,59210.87,0.00784327,59222.47,0.10075967,59210.78,0.00066777,59224.03,0.01017,59210.52,0.02611778,59224.15,0.03139875,59210.1,0.10658604,59224.79,0.06,59210.02,0.33773344,59225.39,0.00018759,59209.96,0.03139875,59226.99,0.06395168,59209.95,0.00325042,59227.0,0.10658604,59207.14,0.06395163,59228.4,0.09855354,59207.11,0.10658604,59228.57,9.24e-06,59205.87,0.26504216,59229.14,0.03,59205.86,0.01,59229.36,0.06,59205.85,0.33773344,59229.62,0.16909263,59205.76,0.15758037,59229.69,0.05963981,59205.27,0.03,59229.73,0.03,59204.96,0.33773344,59229.96,0.1615266,2024-07-13 23:59:43.975594
90,59216.14,0.00013268,59216.15,0.04438,59215.36,0.0006601,59221.79,0.01064244,59210.78,0.00066777,59221.85,0.01204458,59210.52,0.02611778,59221.86,0.09489887,59210.1,0.10658604,59221.87,0.06,59210.02,0.33773344,59222.45,0.01,59209.95,0.00325042,59222.47,0.10075967,59207.14,0.06395163,59224.03,0.01017,59207.11,0.10658604,59224.15,0.03139875,59205.87,0.26504216,59224.79,0.06,59205.86,0.01,59225.39,0.00018759,59205.85,0.33773344,59227.0,0.10658604,59205.76,0.15758037,59228.37,0.0969186,59205.28,0.06395165,59228.38,0.16153091,59205.27,0.03,59228.4,0.09855354,59204.96,0.33773344,59228.55,0.03,59204.68,0.03,59228.57,9.24e-06,59204.11,0.10658604,59229.14,0.03,59204.09,0.03,59229.36,0.06,59203.45,0.03,59229.62,0.16909263,2024-07-13 23:59:44.125843
91,59216.14,0.00013268,59216.15,0.04438,59215.36,0.0006601,59221.57,0.0102724,59210.78,0.00066777,59221.84,0.01256727,59210.52,0.02611778,59221.86,0.09489891,59210.02,0.33773344,59221.87,0.06,59209.95,0.00325042,59222.45,0.01,59207.14,0.06395163,59222.47,0.10075967,59207.11,0.10658604,59224.03,0.01017,59205.87,0.26504216,59224.15,0.03139875,59205.85,0.33773344,59224.79,0.06,59205.76,0.05911586,59225.39,0.00018759,59205.28,0.06395165,59227.0,0.10658604,59205.27,0.03,59227.96,0.03,59204.96,0.33773344,59228.33,0.0969187,59204.68,0.03,59228.34,0.16153102,59204.12,0.01,59228.4,0.09855354,59204.11,0.10658604,59228.55,0.03,59204.09,0.03,59228.57,9.24e-06,59203.45,0.03,59229.14,0.03,59203.44,0.00018759,59229.36,0.06,2024-07-13 23:59:44.226952
92,59216.14,0.00013268,59216.15,0.04438,59215.36,0.0006601,59221.35,0.00828279,59210.78,0.00066777,59221.57,0.00160301,59210.52,0.02611778,59221.84,0.01256727,59210.02,0.33773344,59221.86,0.09489891,59209.95,0.00325042,59221.87,0.06,59207.14,0.06395163,59222.45,0.01,59207.11,0.10658604,59222.47,0.10075967,59205.87,0.26504216,59224.03,0.01017,59205.85,0.33773344,59224.15,0.03139875,59205.76,0.05911586,59224.79,0.06,59205.28,0.06395165,59225.39,0.00018759,59205.27,0.03,59227.0,0.10658604,59204.96,0.33773344,59227.96,0.03,59204.68,0.03,59228.33,0.0969187,59204.12,0.01,59228.34,0.16153102,59204.11,0.10658604,59228.4,0.09855354,59204.09,0.03,59228.55,0.03,59203.45,0.03,59228.57,9.24e-06,59203.44,0.00018759,59229.14,0.03,2024-07-13 23:59:44.269839
93,59216.14,0.00013268,59216.15,0.04438,59215.36,0.0006601,59221.35,0.0098858,59210.78,0.00066777,59221.84,0.01256727,59210.52,0.02611778,59221.86,0.09489891,59210.02,0.33773344,59221.87,0.06,59209.95,0.00325042,59222.45,0.01,59207.14,0.06395163,59222.47,0.10075967,59207.11,0.10658604,59224.03,0.01017,59205.87,0.26504216,59224.15,0.03139875,59205.85,0.33773344,59224.79,0.06,59205.76,0.05911586,59225.39,0.00018759,59205.28,0.06395165,59227.0,0.10658604,59205.27,0.03,59227.96,0.03,59204.96,0.33773344,59228.31,0.09691868,59204.68,0.03,59228.32,0.16153107,59204.12,0.01,59228.4,0.09855354,59204.11,0.10658604,59228.55,0.03,59204.09,0.03,59228.57,9.24e-06,59203.45,0.03,59229.14,0.03,59203.44,0.00018759,59229.36,0.06,2024-07-13 23:59:44.350635
94,59216.14,0.00013268,59216.15,0.04438,59215.36,0.0006601,59217.76,0.04964731,59210.78,0.00066777,59217.77,0.08274544,59210.52,0.02611778,59221.35,0.0098858,59210.02,0.33773344,59221.84,0.01256727,59209.95,0.00325042,59221.86,0.0604558,59207.14,0.06395163,59221.87,0.06,59207.11,0.10658604,59222.45,0.01,59205.87,0.26504216,59222.47,0.10075967,59205.85,0.33773344,59224.03,0.01017,59205.76,0.05911586,59224.15,0.03139875,59205.28,0.06395165,59224.79,0.06,59204.96,0.33773344,59225.39,0.00018759,59204.68,0.03,59227.0,0.10658604,59204.12,0.01,59227.96,0.03,59204.11,0.10658604,59228.29,0.09691874,59204.09,0.03,59228.3,0.16153113,59203.45,0.03,59228.4,0.09855354,59203.44,0.00018759,59228.55,0.03,59201.87,0.12204568,59228.57,9.24e-06,2024-07-13 23:59:44.511324
95,59216.14,0.00013268,59216.15,0.04438,59215.36,0.0006601,59217.76,0.04964731,59210.78,0.00066777,59217.77,0.08274544,59210.52,0.02611778,59221.35,0.00160301,59210.02,0.33773344,59221.85,0.00802386,59209.95,0.00325042,59221.86,0.0604558,59207.14,0.06395163,59221.87,0.06,59207.11,0.10658604,59222.45,0.01,59205.87,0.26504216,59222.47,0.10075967,59205.85,0.33773344,59224.03,0.01017,59205.76,0.05911586,59224.15,0.03139875,59205.55,0.10108614,59224.79,0.06,59205.28,0.06395165,59225.39,0.00018759,59204.96,0.33773344,59227.0,0.10658604,59204.68,0.03,59227.96,0.03,59204.12,0.01,59228.29,0.09691874,59204.11,0.10658604,59228.3,0.16153113,59204.09,0.03,59228.4,0.09855354,59203.45,0.03,59228.55,0.03,59203.44,0.00018759,59228.57,9.24e-06,2024-07-13 23:59:44.783156
96,59216.14,0.00013268,59216.15,0.04438,59215.36,0.0006601,59217.76,0.04964731,59210.78,0.00066777,59217.77,0.08274544,59210.52,0.02611778,59221.85,0.00967024,59210.02,0.33773344,59221.86,0.0604558,59209.95,0.00325042,59221.87,0.06,59207.14,0.06395163,59222.45,0.01,59207.11,0.10658604,59222.47,0.10075967,59205.87,0.26504216,59224.03,0.01017,59205.85,0.33773344,59224.15,0.03139875,59205.76,0.05911586,59224.79,0.06,59205.55,0.10108614,59225.39,0.00018759,59205.28,0.06395165,59227.0,0.10658604,59204.96,0.33773344,59227.96,0.03,59204.68,0.03,59228.29,0.09691874,59204.12,0.01,59228.3,0.16153113,59204.11,0.10658604,59228.4,0.09855354,59204.09,0.03,59228.55,0.03,59203.45,0.03,59228.57,9.24e-06,59203.44,0.00018759,59229.14,0.03,2024-07-13 23:59:44.876445
97,59216.14,0.00013268,59216.15,0.04438,59215.36,0.0006601,59217.76,0.04964731,59210.78,0.00066777,59217.77,0.08274544,59210.02,0.33773344,59221.85,0.00967024,59209.95,0.00325042,59221.86,0.0604558,59207.14,0.06395163,59221.87,0.06,59207.11,0.10658604,59222.45,0.01,59205.87,0.26504216,59222.47,0.10075967,59205.85,0.33773344,59224.03,0.01017,59205.76,0.05911586,59224.15,0.03139875,59205.55,0.10108614,59224.79,0.06,59205.28,0.06395165,59225.39,0.00018759,59204.96,0.33773344,59227.0,0.10658604,59204.68,0.03,59227.96,0.03,59204.12,0.01,59228.28,0.16153118,59204.11,0.10658604,59228.4,0.09855354,59204.09,0.03,59228.55,0.03,59203.45,0.03,59228.57,9.24e-06,59203.44,0.00018759,59229.14,0.03,59201.87,0.12204568,59229.36,0.06,2024-07-13 23:59:44.951061
98,59216.14,0.00013268,59216.15,0.04438,59215.36,0.0006601,59217.76,0.04964731,59210.78,0.00066777,59217.77,0.08274544,59210.02,0.33773344,59221.84,0.01052187,59209.95,0.00325042,59221.85,0.00164638,59207.14,0.06395163,59221.86,0.0604558,59207.11,0.10658604,59221.87,0.06,59205.87,0.26504216,59222.45,0.01,59205.85,0.33773344,59222.47,0.10075967,59205.76,0.05911586,59224.03,0.01017,59205.55,0.10108614,59224.15,0.03139875,59205.28,0.06395165,59224.79,0.06,59204.96,0.33773344,59225.39,0.00018759,59204.68,0.03,59227.0,0.10658604,59204.12,0.01,59227.96,0.03,59204.11,0.10658604,59228.27,0.09691878,59204.09,0.03,59228.28,0.16153118,59203.45,0.03,59228.4,0.09855354,59203.44,0.00018759,59228.55,0.03,59201.87,0.12204568,59228.57,9.24e-06,2024-07-13 23:59:44.967663
99,59216.14,0.00013268,59216.15,0.04438,59215.36,0.0006601,59217.76,0.04964731,59210.78,0.00066777,59217.77,0.08274544,59210.02,0.33773344,59221.84,0.01052187,59209.95,0.00325042,59221.86,0.0604558,59207.14,0.06395163,59221.87,0.06,59207.11,0.10658604,59222.45,0.01,59205.87,0.26504216,59222.47,0.10075967,59205.85,0.33773344,59224.03,0.01017,59205.76,0.05911586,59224.15,0.03139875,59205.55,0.10108614,59224.79,0.06,59205.28,0.06395165,59225.39,0.00018759,59204.96,0.33773344,59227.0,0.10658604,59204.68,0.03,59227.96,0.03,59204.12,0.01,59228.26,0.16153124,59204.11,0.10658604,59228.27,0.09691878,59204.09,0.03,59228.4,0.09855354,59203.45,0.03,59228.55,0.03,59203.44,0.00018759,59228.57,9.24e-06,59201.87,0.12204568,59229.14,0.03,2024-07-13 23:59:45.081415
100,59216.14,0.00013268,59216.15,0.04020084,59215.36,0.0006601,59217.76,0.04964731,59210.78,0.00066777,59217.77,0.08274544,59210.02,0.33773344,59221.83,0.01060723,59209.95,0.00325042,59221.84,0.00168968,59207.14,0.06395163,59221.86,0.0604558,59207.11,0.10658604,59221.87,0.06,59205.87,0.26504216,59222.45,0.01,59205.85,0.33773344,59222.47,0.10075967,59205.76,0.05911586,59224.03,0.01017,59205.55,0.10108614,59224.15,0.03139875,59205.28,0.06395165,59224.79,0.06,59204.96,0.33773344,59225.39,0.00018759,59204.68,0.03,59227.0,0.10658604,59204.12,0.01,59227.96,0.03,59204.11,0.10658604,59228.23,0.09691886,59204.09,0.03,59228.4,0.09855354,59203.45,0.03,59228.55,0.03,59203.44,0.00018759,59228.57,9.24e-06,59201.87,0.12204568,59229.13,0.16152886,2024-07-13 23:59:45.163072
101,59216.14,0.00013268,59216.15,0.04020084,59215.36,0.0006601,59217.76,0.04964731,59210.78,0.00066777,59217.77,0.08274544,59210.02,0.33773344,59221.83,0.01229691,59209.95,0.00325042,59221.86,0.0604558,59207.14,0.06395163,59221.87,0.06,59207.11,0.10658604,59222.45,0.01,59205.87,0.26504216,59222.47,0.10075967,59205.85,0.33773344,59224.03,0.01017,59205.76,0.05911586,59224.15,0.03139875,59205.55,0.10108614,59224.79,0.06,59205.28,0.06395165,59225.39,0.00018759,59204.96,0.33773344,59227.0,0.10658604,59204.68,0.03,59227.96,0.03,59204.12,0.01,59228.23,0.09691886,59204.11,0.10658604,59228.4,0.09855354,59204.09,0.03,59228.55,0.03,59203.45,0.03,59228.57,9.24e-06,59203.44,0.00018759,59229.13,0.16152886,59201.87,0.12204568,59229.14,0.03,2024-07-13 23:59:45.225482
102,59216.14,0.00013268,59216.15,0.04020084,59215.36,0.0006601,59217.76,0.04964731,59210.78,0.00066777,59217.77,0.08274544,59210.02,0.33773344,59221.83,0.01229691,59209.95,0.00325042,59221.86,0.0604558,59207.14,0.06395163,59221.87,0.06,59207.11,0.10658604,59222.45,0.01,59205.87,0.26504216,59222.47,0.10075967,59205.85,0.33773344,59224.03,0.01017,59205.76,0.05911586,59224.15,0.03139875,59205.55,0.10108614,59224.79,0.06,59205.28,0.06395165,59225.39,0.00018759,59204.96,0.33773344,59227.0,0.10658604,59204.12,0.01,59227.96,0.03,59204.11,0.10658604,59228.23,0.09691886,59204.09,0.03,59228.4,0.09855354,59203.45,0.03,59228.55,0.03,59203.44,0.00018759,59228.57,9.24e-06,59201.87,0.12204568,59229.13,0.16152886,59201.86,0.19330116,59229.14,0.03,2024-07-13 23:59:45.277679
103,59216.14,0.00013268,59216.15,0.04020084,59215.36,0.0006601,59217.75,0.00649218,59210.78,0.00066777,59217.76,0.04964731,59210.02,0.33773344,59217.77,0.08274544,59209.95,0.00325042,59221.83,0.00168968,59207.14,0.06395163,59221.86,0.0604558,59207.11,0.10658604,59221.87,0.06,59205.87,0.26504216,59222.45,0.01,59205.85,0.33773344,59222.47,0.10075967,59205.76,0.05911586,59224.03,0.01017,59205.28,0.06395165,59224.15,0.03139875,59204.96,0.33773344,59224.79,0.06,59204.12,0.01,59225.39,0.00018759,59204.11,0.10658604,59227.0,0.10658604,59204.09,0.03,59227.96,0.03,59203.45,0.03,59228.23,0.09691886,59203.44,0.00018759,59228.4,0.09855354,59201.87,0.12204568,59228.55,0.03,59201.86,0.19330116,59228.57,9.24e-06,59201.39,0.14180949,59229.13,0.16152886,2024-07-13 23:59:45.363095
104,59216.14,0.00013268,59216.15,0.04020084,59215.36,0.0006601,59217.75,0.00649218,59210.78,0.00066777,59217.76,0.04964731,59210.02,0.33773344,59217.77,0.08274544,59209.95,0.00325042,59221.86,0.0604558,59207.14,0.06395163,59221.87,0.06,59207.11,0.10658604,59222.45,0.01,59205.87,0.26504216,59222.47,0.10075967,59205.85,0.33773344,59224.03,0.01017,59205.76,0.05911586,59224.15,0.03139875,59205.28,0.06395165,59224.79,0.06,59204.96,0.33773344,59225.39,0.00018759,59204.12,0.01,59227.0,0.10658604,59204.11,0.10658604,59227.96,0.03,59204.09,0.03,59228.23,0.09691886,59203.45,0.03,59228.4,0.09855354,59203.44,0.00018759,59228.55,0.03,59201.87,0.12204568,59228.57,9.24e-06,59201.86,0.19330116,59229.13,0.16152886,59201.39,0.14180949,59229.14,0.03,2024-07-13 23:59:45.424238
105,59216.14,0.00013268,59216.15,0.04020084,59215.36,0.0006601,59217.75,0.00649218,59210.78,0.00066777,59217.76,0.04964731,59210.02,0.33773344,59217.77,0.08274544,59209.95,0.00325042,59221.86,0.06214548,59207.14,0.06395163,59221.87,0.06,59207.11,0.10658604,59222.45,0.01,59205.87,0.26504216,59222.47,0.10075967,59205.85,0.33773344,59224.03,0.01017,59205.76,0.05911586,59224.15,0.03139875,59205.28,0.06395165,59224.79,0.06,59204.96,0.33773344,59225.39,0.00018759,59204.12,0.01,59227.0,0.10658604,59204.11,0.10658604,59227.96,0.03,59204.09,0.03,59228.23,0.09691886,59203.45,0.03,59228.4,0.09855354,59203.44,0.00018759,59228.55,0.03,59201.87,0.12204568,59228.57,9.24e-06,59201.86,0.19330116,59229.13,0.16152886,59201.39,0.14180949,59229.14,0.03,2024-07-13 23:59:45.463873
106,59216.14,0.00013268,59216.15,0.04020084,59215.36,0.0006601,59217.75,0.00649218,59210.78,0.00066777,59217.76,0.04964731,59210.02,0.33773344,59217.77,0.08274544,59209.95,0.00325042,59221.86,0.06214548,59207.14,0.06395163,59221.87,0.06,59207.11,0.10658604,59222.45,0.01,59205.87,0.26504216,59222.47,0.10075967,59205.85,0.33773344,59224.03,0.01017,59205.76,0.05911586,59224.15,0.03139875,59205.28,0.06395165,59224.79,0.06,59204.96,0.33773344,59225.39,0.00018759,59204.12,0.01,59227.0,0.10658604,59204.11,0.10658604,59227.96,0.03,59204.09,0.03,59228.23,0.09691886,59203.45,0.03,59228.4,0.09855354,59203.44,0.00018759,59228.55,0.03,59201.87,0.12204568,59228.57,9.24e-06,59201.86,0.19330116,59229.13,0.16152886,59201.39,0.14180949,59229.14,0.03,2024-07-13 23:59:45.623387
107,59216.14,0.00013268,59217.75,0.00649218,59215.36,0.0006601,59217.76,0.04964731,59210.78,0.00066777,59217.77,0.08274544,59210.02,0.33773344,59221.86,0.06214548,59209.95,0.00325042,59221.87,0.06,59207.55,0.09942011,59222.45,0.01,59207.54,0.05911408,59222.47,0.10075967,59207.11,0.10658604,59224.03,0.01017,59205.87,0.26504216,59224.15,0.03139875,59205.85,0.33773344,59224.79,0.06,59205.28,0.06395165,59225.39,0.00018759,59204.96,0.33773344,59227.0,0.10658604,59204.12,0.01,59227.96,0.03,59204.11,0.10658604,59228.23,0.09691886,59204.09,0.03,59228.4,0.09855354,59203.45,0.03,59228.55,0.03,59203.44,0.00018759,59228.57,9.24e-06,59201.87,0.12204568,59229.13,0.16152886,59201.86,0.19330116,59229.14,0.03,59201.39,0.14180949,59229.36,0.06,2024-07-13 23:59:45.756868
108,59216.14,0.00013268,59217.76,0.0061284,59215.36,0.0006601,59219.27,0.08274334,59210.78,0.00066777,59221.86,0.09658858,59210.14,0.02982389,59221.87,0.06,59210.09,0.00375985,59222.45,0.01,59210.04,0.03091498,59222.47,0.10075967,59210.03,0.23274413,59224.03,0.01017,59210.02,0.33773344,59224.15,0.03139875,59209.95,0.00325042,59225.39,0.00018759,59207.54,0.05911408,59226.99,0.0639517,59207.11,0.10658604,59227.0,0.10658604,59205.88,0.20264012,59227.96,0.03,59205.87,0.26504216,59228.4,0.09855354,59205.85,0.33773344,59228.55,0.03,59205.49,0.09672335,59228.57,9.24e-06,59204.96,0.33773344,59229.14,0.03,59204.11,0.10658604,59229.36,0.06,59204.09,0.03,59229.62,0.16909263,59203.45,0.03,59229.69,0.05963981,59203.44,0.00018759,59229.73,0.03,2024-07-13 23:59:45.856972
109,59216.85,0.02518884,59221.87,0.06173298,59216.81,0.01955664,59224.02,0.01,59216.8,0.07238916,59224.03,0.01017,59216.14,0.00013268,59225.02,0.04975382,59215.38,0.1960879,59225.03,0.08273529,59215.37,0.33775112,59225.39,0.00018759,59215.36,0.0006601,59228.39,0.05913775,59211.75,0.04139539,59228.4,0.09855354,59211.73,0.02335738,59228.57,9.24e-06,59211.68,0.10658604,59229.62,0.16909263,59210.78,0.00066777,59229.69,0.05963981,59210.41,0.03450206,59229.73,0.03,59210.4,0.03139875,59229.97,0.10658604,59210.22,0.01333797,59229.98,0.28182091,59210.2,0.05750334,59230.32,0.03,59210.04,0.03091498,59230.91,0.03,59209.95,0.00325042,59231.49,0.03,59207.12,0.06395169,59231.5,0.03,59207.11,0.10658604,59231.88,0.11850309,59206.41,0.03,59232.02,0.11830309,2024-07-13 23:59:45.992557
110,59216.81,0.01955664,59223.63,0.06,59216.8,0.02708258,59223.64,0.02689849,59216.14,0.00013268,59223.65,0.09865247,59215.54,0.00300322,59224.02,0.0117763,59215.38,0.1960879,59224.03,0.01017,59215.37,0.33775112,59225.03,0.08273529,59215.36,0.0006601,59225.39,0.00018759,59211.75,0.04139539,59228.39,0.05913775,59211.73,0.02335738,59228.4,0.09855354,59211.68,0.10658604,59228.57,9.24e-06,59210.78,0.00066777,59229.62,0.16909263,59210.41,0.03450206,59229.69,0.05963981,59210.4,0.03139875,59229.73,0.03,59210.22,0.01333797,59229.97,0.10658604,59210.2,0.05750334,59229.98,0.28182091,59210.04,0.03091498,59230.32,0.03,59209.95,0.00325042,59230.91,0.03,59207.12,0.06395169,59231.49,0.03,59207.11,0.10658604,59231.5,0.03,59206.41,0.03,59231.88,0.11850309,2024-07-13 23:59:46.103077
111,59216.97,0.00200983,59224.02,0.0117763,59216.95,0.06331646,59224.03,0.01017,59216.94,0.06124301,59225.02,0.04964119,59216.9,0.06593895,59225.03,0.08273529,59216.81,0.01955664,59225.39,0.00018759,59216.8,0.02708258,59228.39,0.05913775,59216.14,0.00013268,59228.4,0.09855354,59215.38,0.1960879,59228.57,9.24e-06,59215.37,0.33775112,59229.62,0.16909263,59215.36,0.0006601,59229.69,0.05963981,59211.75,0.04139539,59229.73,0.03,59211.68,0.10658604,59229.97,0.10658604,59210.78,0.00066777,59229.98,0.28182091,59210.41,0.01883928,59230.32,0.03,59210.4,0.03139875,59230.91,0.03,59209.95,0.00325042,59231.49,0.03,59207.13,0.01,59231.5,0.03,59207.12,0.06395169,59231.88,0.11850309,59207.11,0.10658604,59232.02,0.11830309,59206.41,0.03,59232.06,0.11830309,2024-07-13 23:59:46.207670
112,59216.97,0.00200983,59224.02,0.0117763,59216.95,0.06331646,59224.03,0.01017,59216.94,0.06124301,59225.02,0.04964119,59216.9,0.06593895,59225.03,0.08273529,59216.81,0.01955664,59225.39,0.00018759,59216.8,0.02708258,59228.39,0.05913775,59216.14,0.00013268,59228.4,0.09855354,59215.38,0.1960879,59228.57,9.24e-06,59215.37,0.33775112,59229.62,0.16909263,59215.36,0.0006601,59229.69,0.05963981,59211.75,0.04139539,59229.73,0.03,59211.68,0.10658604,59229.97,0.10658604,59210.78,0.00066777,59229.98,0.28182091,59210.41,0.05765575,59230.32,0.03,59210.4,0.03139875,59230.91,0.03,59209.95,0.00325042,59231.49,0.03,59209.37,0.1000177,59231.5,0.03,59207.13,0.01,59231.88,0.11850309,59207.12,0.06395169,59232.02,0.11830309,59207.11,0.10658604,59232.06,0.11830309,2024-07-13 23:59:46.270455
113,59216.14,0.00013268,59224.02,0.0117763,59215.54,0.00075964,59224.03,0.01017,59215.44,0.03766226,59225.02,0.04964119,59215.4,0.02676311,59225.03,0.08273529,59215.38,0.1960879,59225.39,0.00018759,59215.37,0.33775112,59228.39,0.05913775,59215.36,0.0006601,59228.4,0.09855354,59211.75,0.04139539,59228.57,9.24e-06,59211.68,0.10658604,59229.62,0.16909263,59210.78,0.00066777,59229.69,0.05963981,59210.41,0.05765575,59229.73,0.03,59210.4,0.03139875,59229.97,0.10658604,59209.95,0.00325042,59229.98,0.28182091,59209.37,0.1000177,59230.32,0.03,59207.13,0.01,59230.86,0.06,59207.12,0.06395169,59230.91,0.03,59207.11,0.10658604,59231.49,0.03,59206.41,0.03,59231.5,0.03,59205.89,0.26504216,59231.88,0.11850309,59205.88,0.20264012,59232.02,0.11830309,2024-07-13 23:59:46.362227
114,59216.14,0.00013268,59224.02,0.0117763,59215.54,0.0010105,59224.03,0.01017,59215.44,0.03766226,59225.02,0.04964119,59215.4,0.02676311,59225.03,0.08273529,59215.38,0.1960879,59225.39,0.00018759,59215.37,0.33775112,59226.99,0.0002,59215.36,0.0006601,59228.39,0.05913775,59211.75,0.04139539,59228.4,0.09855354,59211.68,0.10658604,59228.57,9.24e-06,59210.78,0.00066777,59229.62,0.16909263,59210.41,0.05765575,59229.69,0.05963981,59210.4,0.03139875,59229.73,0.03,59209.95,0.00325042,59229.97,0.10658604,59209.37,0.1000177,59229.98,0.28182091,59207.13,0.01,59230.32,0.03,59207.12,0.06395169,59230.86,0.06,59207.11,0.10658604,59230.91,0.03,59206.73,0.14180949,59231.49,0.03,59206.41,0.03,59231.5,0.03,59205.97,0.05845349,59231.88,0.11850309,2024-07-13 23:59:46.427227
115,59216.14,0.00013268,59224.02,0.0117763,59215.54,0.00173366,59224.03,0.01017,59215.44,0.03766226,59225.02,0.04964119,59215.4,0.02676311,59225.03,0.08273529,59215.38,0.1960879,59225.39,0.00018759,59215.37,0.33775112,59226.99,0.0002,59215.36,0.0006601,59228.39,0.05913775,59211.75,0.04139539,59228.4,0.09855354,59211.68,0.10658604,59228.57,9.24e-06,59210.78,0.00066777,59229.62,0.16909263,59210.41,0.05765575,59229.69,0.05963981,59210.4,0.03139875,59229.97,0.10658604,59209.95,0.00325042,59229.98,0.28182091,59209.37,0.1000177,59230.32,0.03,59207.13,0.01,59230.91,0.03,59207.12,0.06395169,59231.49,0.03,59207.11,0.10658604,59231.5,0.03,59206.99,0.03,59231.88,0.11850309,59206.73,0.14180949,59232.02,0.11830309,59206.41,0.03,59232.06,0.11830309,2024-07-13 23:59:46.512260
116,59216.77,0.031054,59224.03,0.0119896,59216.67,0.02014005,59225.02,0.04696623,59216.66,0.02888869,59225.03,0.08273529,59216.43,0.3268109,59225.39,0.00018759,59216.42,0.05798066,59226.99,0.0002,59216.37,0.01912794,59228.38,0.01,59216.36,0.05335649,59228.39,0.05913215,59216.18,0.03267755,59228.4,0.09855354,59216.17,0.01337849,59228.57,9.24e-06,59216.15,0.00430839,59229.62,0.16909263,59216.14,0.00013268,59229.69,0.05963981,59215.46,0.02531135,59229.97,0.10658604,59215.37,0.33775112,59229.98,0.28182091,59215.36,0.0006601,59230.91,0.03,59214.66,0.33775112,59231.5,0.03,59211.76,0.06395169,59231.88,0.11850309,59211.68,0.10658604,59232.02,0.11830309,59210.78,0.00066777,59232.06,0.11830309,59210.4,0.03139875,59232.12,0.03,59209.95,0.00325042,59232.13,0.06898469,2024-07-13 23:59:46.654178
117,59216.83,0.03937382,59224.03,0.0119896,59216.77,0.02683323,59225.03,0.08273529,59216.67,0.02014005,59225.39,0.00018759,59216.66,0.02888869,59226.99,0.0002,59216.43,0.3268109,59228.38,0.01,59216.42,0.05798066,59228.39,0.05913215,59216.37,0.01912794,59228.4,0.09855354,59216.36,0.05335649,59228.57,9.24e-06,59216.18,0.03267755,59229.62,0.16909263,59216.17,0.01337849,59229.69,0.05963981,59216.15,0.00430839,59229.97,0.10658604,59216.14,0.00013268,59229.98,0.28182091,59215.37,0.33775112,59230.91,0.03,59215.36,0.0006601,59231.5,0.03,59214.66,0.33775112,59231.88,0.11850309,59211.76,0.06395169,59232.02,0.11830309,59211.68,0.10658604,59232.06,0.11830309,59210.78,0.00066777,59232.12,0.03,59210.4,0.03139875,59232.13,0.06898469,59209.95,0.00325042,59233.17,0.03,2024-07-13 23:59:46.685740
118,59217.99,0.099,59224.03,0.0119896,59217.98,0.165,59225.03,0.08273529,59217.32,0.0527091,59225.39,0.00018759,59217.27,0.02524103,59226.99,0.0002,59217.26,0.165,59228.38,0.01,59216.88,0.02664033,59228.39,0.05913215,59216.87,0.02474252,59228.4,0.09855354,59216.83,0.03937382,59228.57,9.24e-06,59216.77,0.02683323,59229.62,0.16909263,59216.67,0.02014005,59229.69,0.05963981,59216.66,0.02888869,59229.97,0.10658604,59216.43,0.20265068,59229.98,0.28182091,59216.42,0.03266113,59231.5,0.03,59216.14,0.00013268,59231.88,0.11850309,59215.37,0.33775112,59232.02,0.11830309,59215.36,0.0006601,59232.06,0.11830309,59214.66,0.33775112,59232.12,0.03,59211.76,0.06395169,59232.13,0.06898469,59211.68,0.10658604,59233.17,0.03,59210.78,0.00066777,59233.8,0.03,2024-07-13 23:59:46.799955
119,59218.09,0.03240704,59225.02,0.0555277,59218.06,0.01411919,59225.03,0.08246113,59218.01,0.004723,59225.06,0.09769286,59217.9,0.03516952,59225.39,0.00018759,59217.64,0.01563716,59226.99,0.0002,59217.61,0.02022667,59228.38,0.01,59217.27,0.02524103,59228.39,0.05913215,59216.43,0.20265068,59228.4,0.09855354,59216.14,0.00013268,59228.57,9.24e-06,59215.37,0.33775112,59229.62,0.16909263,59215.36,0.0006601,59229.69,0.05963981,59214.66,0.33775112,59229.97,0.10658604,59213.77,0.05910786,59229.98,0.28182091,59211.68,0.10658604,59231.5,0.03,59210.78,0.00066777,59231.88,0.11850309,59210.43,0.15902538,59232.02,0.11830309,59210.42,0.26504216,59232.06,0.11830309,59210.41,0.12354681,59232.12,0.03,59210.4,0.03139875,59232.13,0.06898469,59209.95,0.00325042,59233.17,0.03,2024-07-13 23:59:46.948526
120,59218.09,0.03240704,59225.02,0.0555277,59218.06,0.01411919,59225.03,0.08246113,59218.01,0.004723,59225.06,0.09769286,59217.9,0.03516952,59225.39,0.00018759,59217.64,0.01563716,59226.99,0.0002,59217.61,0.02022667,59228.38,0.01,59217.27,0.02524103,59228.39,0.05913215,59216.43,0.20265068,59228.4,0.09855354,59216.14,0.00013268,59228.57,9.24e-06,59215.37,0.33775112,59229.62,0.16909263,59215.36,0.0006601,59229.69,0.05963981,59214.66,0.33775112,59229.97,0.10658604,59213.77,0.05910786,59229.98,0.28182091,59211.68,0.10658604,59231.5,0.03,59210.78,0.00066777,59231.88,0.11850309,59210.43,0.07412811,59232.02,0.11830309,59210.41,0.12354681,59232.06,0.11830309,59210.4,0.03139875,59232.12,0.03,59209.95,0.00325042,59232.13,0.06898469,59209.37,0.1000177,59233.17,0.03,2024-07-13 23:59:46.957421
121,59218.09,0.03240704,59225.02,4.329e-05,59218.06,0.01411919,59225.03,0.08246113,59218.01,0.004723,59225.06,0.09769286,59217.9,0.03516952,59225.39,0.00018759,59217.64,0.01563716,59226.99,0.0002,59217.61,0.02022667,59228.38,0.01,59217.27,0.02524103,59228.39,0.05913215,59216.43,0.20265068,59228.4,0.09855354,59216.14,0.00013268,59228.57,9.24e-06,59215.37,0.33775112,59229.62,0.16909263,59215.36,0.0006601,59229.69,0.05963981,59214.66,0.33775112,59229.97,0.10658604,59213.77,0.05910786,59229.98,0.28182091,59211.68,0.10658604,59231.5,0.03,59210.78,0.00066777,59231.86,0.06,59210.43,0.07412811,59231.88,0.11850309,59210.41,0.12354681,59232.02,0.11830309,59210.4,0.03139875,59232.06,0.11830309,59209.95,0.00325042,59232.12,0.03,59209.37,0.1000177,59232.13,0.06898469,2024-07-13 23:59:47.038929
122,59218.09,0.03240704,59225.02,0.12504329,59218.06,0.01411919,59225.03,0.08246113,59218.01,0.004723,59225.06,0.09769286,59217.9,0.03516952,59225.39,0.00018759,59217.64,0.01563716,59226.99,0.0002,59217.61,0.02022667,59228.38,0.01,59217.27,0.02524103,59228.39,0.05913215,59216.43,0.20265068,59228.4,0.09855354,59216.14,0.00013268,59228.57,9.24e-06,59215.37,0.33775112,59229.62,0.16909263,59215.36,0.0006601,59229.69,0.05963981,59214.66,0.33775112,59229.97,0.10658604,59213.77,0.05910786,59229.98,0.28182091,59211.68,0.10658604,59231.5,0.03,59210.78,0.00066777,59231.86,0.06,59210.43,0.07412811,59231.88,0.11850309,59210.41,0.12354681,59232.02,0.11830309,59210.4,0.03139875,59232.06,0.11830309,59209.95,0.00325042,59232.12,0.03,59209.37,0.1000177,59232.13,0.06898469,2024-07-13 23:59:47.120283
123,59218.1,0.004723,59224.98,0.08273536,59218.09,0.02110176,59225.02,0.125,59217.9,0.03516952,59225.06,0.09769286,59217.64,0.01563716,59225.39,0.00018759,59217.61,0.02022667,59226.99,0.0002,59217.27,0.02524103,59228.38,0.01,59216.43,0.20265068,59228.39,0.05913215,59216.14,0.00013268,59228.4,0.09855354,59215.37,0.33775112,59228.57,9.24e-06,59215.36,0.0006601,59229.62,0.16909263,59214.66,0.33775112,59229.69,0.05963981,59213.77,0.05910786,59229.97,0.10658604,59211.68,0.10658604,59229.98,0.28182091,59210.78,0.00066777,59231.5,0.03,59210.43,0.07412811,59231.86,0.06,59210.41,0.12354681,59231.88,0.11850309,59210.4,0.03139875,59232.02,0.11830309,59209.95,0.00325042,59232.06,0.11830309,59209.37,0.1000177,59232.12,0.03,59208.18,0.15902534,59232.13,0.06898469,2024-07-13 23:59:47.233416
124,59218.1,0.004723,59224.98,0.08277865,59218.09,0.02110176,59225.06,0.09769286,59217.9,0.03516952,59225.39,0.00018759,59217.64,0.01563716,59226.99,0.0002,59217.61,0.02022667,59228.38,0.01,59217.27,0.02524103,59228.39,0.05913215,59216.43,0.20265068,59228.4,0.09855354,59216.14,0.00013268,59228.57,9.24e-06,59215.37,0.33775112,59229.62,0.16909263,59215.36,0.0006601,59229.69,0.05963981,59214.66,0.33775112,59229.97,0.10658604,59213.77,0.05910786,59229.98,0.28182091,59211.68,0.10658604,59231.5,0.03,59210.78,0.00066777,59231.86,0.06,59210.43,0.07412811,59231.88,0.11850309,59210.41,0.12354681,59232.02,0.11830309,59210.4,0.03139875,59232.06,0.11830309,59209.95,0.00325042,59232.12,0.03,59209.37,0.1000177,59232.13,0.06898469,59208.18,0.15902534,59233.17,0.03,2024-07-13 23:59:47.263111
125,59218.1,0.004723,59224.98,0.08277865,59218.09,0.02110176,59225.06,0.09769286,59217.9,0.03516952,59225.39,0.00018759,59217.64,0.01563716,59226.99,0.0002,59217.61,0.02022667,59228.38,0.01,59217.27,0.02524103,59228.39,0.05913215,59216.43,0.20265068,59228.4,0.09855354,59216.14,0.00013268,59228.57,9.24e-06,59215.37,0.33775112,59229.62,0.16909263,59215.36,0.0006601,59229.69,0.05963981,59214.66,0.33775112,59229.97,0.10658604,59213.77,0.05910786,59229.98,0.28182091,59211.68,0.10658604,59231.5,0.03,59210.78,0.00066777,59231.86,0.06,59210.43,0.07412811,59231.88,0.11850309,59210.41,0.12354681,59232.02,0.11830309,59210.4,0.03139875,59232.06,0.11830309,59209.95,0.00325042,59232.12,0.03,59209.37,0.1000177,59232.13,0.06898469,59208.18,0.15902534,59233.17,0.03,2024-07-13 23:59:47.317521
126,59218.1,0.004723,59224.98,0.08277865,59218.09,0.02110176,59225.06,0.09769286,59217.9,0.03516952,59225.39,0.00018759,59217.64,0.01563716,59226.99,0.0002,59217.61,0.02022667,59228.38,0.01,59217.27,0.02524103,59228.39,0.05913215,59216.43,0.20265068,59228.4,0.09855354,59216.14,0.00013268,59228.57,9.24e-06,59215.37,0.33775112,59229.62,0.16909263,59215.36,0.0006601,59229.69,0.05963981,59214.66,0.33775112,59229.97,0.10658604,59213.77,0.05910786,59229.98,0.28182091,59211.68,0.10658604,59231.5,0.03,59210.78,0.00066777,59231.86,0.06,59210.43,0.07412811,59231.88,0.11850309,59210.41,0.12354681,59232.02,0.11830309,59210.4,0.03139875,59232.06,0.11830309,59209.95,0.00325042,59232.12,0.03,59209.37,0.1000177,59232.13,0.06898469,59208.18,0.15902534,59233.17,0.03,2024-07-13 23:59:47.377608
127,59217.67,0.01616081,59224.98,0.08277865,59217.65,0.004723,59225.06,0.09769286,59217.64,0.01563716,59225.39,0.00018759,59217.61,0.02022667,59226.99,0.0002,59217.27,0.02524103,59228.38,0.01,59216.43,0.38044577,59228.39,0.05913215,59216.14,0.00013268,59228.4,0.09855354,59215.5,0.33775112,59228.57,9.24e-06,59215.37,0.33775112,59229.62,0.16909263,59215.36,0.0006601,59229.69,0.05963981,59215.15,0.05910649,59229.97,0.10658604,59214.66,0.33775112,59229.98,0.28182091,59211.68,0.10658604,59231.5,0.03,59210.78,0.00066777,59231.86,0.06,59210.43,0.07412811,59231.88,0.11850309,59210.41,0.12354681,59232.02,0.11830309,59210.4,0.03139875,59232.06,0.11830309,59209.95,0.00325042,59232.12,0.03,59209.37,0.1000177,59232.13,0.06898469,59208.18,0.15902534,59233.17,0.03,2024-07-13 23:59:47.563091
