,bid_prc1,bid_vol1,ask_prc1,ask_vol1,bid_prc2,bid_vol2,ask_prc2,ask_vol2,bid_prc3,bid_vol3,ask_prc3,ask_vol3,bid_prc4,bid_vol4,ask_prc4,ask_vol4,bid_prc5,bid_vol5,ask_prc5,ask_vol5,bid_prc6,bid_vol6,ask_prc6,ask_vol6,bid_prc7,bid_vol7,ask_prc7,ask_vol7,bid_prc8,bid_vol8,ask_prc8,ask_vol8,bid_prc9,bid_vol9,ask_prc9,ask_vol9,bid_prc10,bid_vol10,ask_prc10,ask_vol10,bid_prc11,bid_vol11,ask_prc11,ask_vol11,bid_prc12,bid_vol12,ask_prc12,ask_vol12,bid_prc13,bid_vol13,ask_prc13,ask_vol13,bid_prc14,bid_vol14,ask_prc14,ask_vol14,bid_prc15,bid_vol15,ask_prc15,ask_vol15,bid_prc16,bid_vol16,ask_prc16,ask_vol16,bid_prc17,bid_vol17,ask_prc17,ask_vol17,bid_prc18,bid_vol18,ask_prc18,ask_vol18,bid_prc19,bid_vol19,ask_prc19,ask_vol19,bid_prc20,bid_vol20,ask_prc20,ask_vol20,date
0,59204.0,0.071,59204.1,0.20923628,59202.0,0.0335,59206.0,0.070897,59201.9,0.0375,59206.6,0.00230274,59200.3,0.04052399,59207.9,0.02010001,59200.2,0.02534,59208.0,0.0335,59200.1,0.0312,59208.1,0.0375,59200.0,0.0149,59209.0,0.0104191,59198.4,0.05432913,59209.9,0.07699571,59198.0,0.0335,59210.0,0.0335,59197.1,0.04800002,59210.9,0.12832616,59197.0,0.08,59212.0,0.0335,59196.4,0.01098395,59213.2,1.5e-05,59196.1,0.00020698,59213.8,0.02619589,59196.0,0.0335,59213.9,0.0422268,59195.9,0.17100002,59214.0,0.0335,59195.8,0.285,59214.1,0.1935,59195.4,1.5e-05,59214.2,0.04,59195.1,0.1689,59214.9,0.113187,59194.5,0.00139035,59215.1,0.0084455,59194.0,0.0335,59215.2,0.01,2024-07-13 23:59:33.908000
1,59204.0,0.071,59204.1,0.20923628,59202.0,0.0335,59206.0,0.070897,59201.9,0.0375,59206.6,0.00230274,59200.3,0.04052399,59207.9,0.02010001,59200.2,0.02534,59208.0,0.0335,59200.1,0.0312,59208.1,0.0375,59200.0,0.0149,59209.0,0.0104191,59198.4,0.05432913,59209.9,0.07699571,59198.0,0.0335,59210.0,0.0335,59197.1,0.04800002,59210.9,0.12832616,59197.0,0.08,59212.0,0.0335,59196.4,0.01098395,59213.2,1.5e-05,59196.1,0.00020698,59213.7,0.0006238,59196.0,0.0335,59213.8,0.02545576,59195.9,0.17100002,59213.9,0.0422268,59195.8,0.285,59214.0,0.0335,59195.4,1.5e-05,59214.1,0.1935,59195.1,0.1689,59214.2,0.04,59194.5,0.00139035,59214.9,0.113187,59194.0,0.0335,59215.1,0.0084455,2024-07-13 23:59:34.008000
2,59202.0,0.05475271,59202.1,0.20559144,59201.9,0.0375,59203.9,0.09374513,59200.1,0.0312,59204.0,0.0335,59200.0,0.0149,59204.1,0.02,59198.0,0.0335,59206.0,0.070897,59197.2,0.0422268,59206.6,0.00230274,59197.1,0.02010007,59207.0,0.0104191,59196.2,0.00022412,59207.9,0.02010001,59196.1,0.04243521,59208.0,0.0335,59196.0,0.0335,59208.1,0.3225,59195.9,0.17100002,59209.8,0.04222823,59195.8,0.285,59209.9,0.07699571,59195.4,1.5e-05,59210.0,0.0335,59195.3,0.01098395,59210.9,0.12832616,59194.5,0.00139035,59212.0,0.0335,59194.0,0.0335,59213.2,1.5e-05,59193.9,0.024,59213.6,0.00062959,59193.8,0.1689,59213.7,0.0422268,59193.7,0.08,59213.8,0.02545576,59193.4,0.113187,59213.9,0.0422268,2024-07-13 23:59:34.108000
3,59202.0,0.0335,59202.1,0.20559144,59201.9,0.0375,59203.9,0.02010005,59200.2,0.02766004,59204.0,0.0335,59200.1,0.0312,59204.1,0.02,59200.0,0.0149,59206.0,0.070897,59198.0,0.0335,59206.6,0.00230274,59197.1,0.02010007,59207.0,0.0104191,59196.2,0.00022412,59207.9,0.02010001,59196.1,0.04222823,59208.0,0.22700003,59196.0,0.0335,59208.1,0.3225,59195.9,0.17100002,59209.8,0.04222823,59195.8,0.285,59210.0,0.0335,59195.4,1.5e-05,59210.9,0.12832616,59195.3,0.01098395,59212.0,0.0335,59194.5,0.00139035,59213.2,1.5e-05,59194.0,0.0335,59213.6,0.00062959,59193.9,0.024,59213.7,0.0422268,59193.8,0.1689,59213.8,0.02545576,59193.7,0.08,59213.9,0.0422268,59193.4,0.113187,59214.0,0.0335,2024-07-13 23:59:34.208000
4,59202.0,0.0335,59202.1,0.20559144,59201.9,0.0375,59203.9,0.02010005,59200.2,0.02766004,59204.0,0.0335,59200.1,0.0312,59204.1,0.02,59200.0,0.0149,59206.0,0.070657,59198.0,0.0335,59206.6,0.00230274,59197.1,0.02010007,59207.0,0.0104191,59196.2,0.00022412,59207.9,0.02010001,59196.1,0.04222823,59208.0,0.22700003,59196.0,0.0335,59208.1,0.3225,59195.9,0.17100002,59209.8,0.04222823,59195.8,0.285,59210.0,0.0335,59195.4,1.5e-05,59210.9,0.12832616,59195.3,0.01098395,59212.0,0.0335,59194.5,0.00139035,59213.2,1.5e-05,59194.0,0.0335,59213.6,0.00062959,59193.9,0.024,59213.7,0.0422268,59193.8,0.1689,59213.8,0.02545576,59193.6,0.02,59213.9,0.0422268,59193.4,0.113187,59214.0,0.0335,2024-07-13 23:59:34.308000
5,59202.0,0.0335,59202.1,0.20559144,59201.9,0.0375,59203.9,0.02010005,59200.2,0.02766004,59204.0,0.0335,59200.1,0.0312,59204.1,0.02,59200.0,0.0149,59206.0,0.070657,59198.0,0.0335,59206.6,0.00230274,59197.1,0.02010007,59207.0,0.0104191,59196.2,0.00022412,59207.9,0.02010001,59196.1,0.04222823,59208.0,0.22700003,59196.0,0.0335,59208.1,0.3225,59195.9,0.17100002,59209.8,0.04222823,59195.8,0.285,59210.0,0.0335,59195.4,1.5e-05,59210.9,0.12832616,59195.3,0.01098395,59212.0,0.0335,59194.5,0.00139035,59213.2,1.5e-05,59194.0,0.0335,59213.6,0.00062959,59193.9,0.024,59213.7,0.0422268,59193.8,0.1689,59213.8,0.02545576,59193.6,0.02,59213.9,0.0422268,59193.4,0.113187,59214.0,0.0335,2024-07-13 23:59:34.408000
6,59202.0,0.03326,59202.1,0.20559144,59201.9,0.0375,59203.9,0.02010005,59200.2,0.02766004,59204.0,0.0335,59200.1,0.0312,59204.1,0.02,59200.0,0.0149,59206.0,0.070657,59198.0,0.0335,59206.6,0.00230274,59197.1,0.02010007,59207.0,0.0104191,59196.2,0.00022412,59207.9,0.02010001,59196.1,0.04222823,59208.0,0.22700003,59196.0,0.0335,59208.1,0.3225,59195.9,0.17100002,59209.8,0.04222823,59195.8,0.285,59210.0,0.0335,59195.4,1.5e-05,59210.9,0.12832616,59195.3,0.01098395,59212.0,0.0335,59194.5,0.00139035,59213.2,1.5e-05,59194.0,0.0335,59213.6,0.00062959,59193.9,0.024,59213.7,0.0422268,59193.8,0.1689,59213.8,0.02545576,59193.6,0.02,59213.9,0.0422268,59193.4,0.113187,59214.0,0.0335,2024-07-13 23:59:34.508000
7,59202.0,0.03326,59202.1,0.20559144,59201.9,0.0375,59203.9,0.02010005,59200.2,0.02766004,59204.0,0.0335,59200.1,0.0312,59204.1,0.02,59200.0,0.0149,59206.0,0.070657,59198.0,0.0335,59206.6,0.00230274,59197.1,0.02010007,59207.0,0.0104191,59196.2,0.00022412,59207.7,0.04800002,59196.1,0.04222823,59207.8,0.08,59196.0,0.0335,59208.0,0.22700003,59195.9,0.17100002,59208.1,0.3225,59195.8,0.285,59210.0,0.0335,59195.4,1.5e-05,59210.9,0.12832616,59195.3,0.01098395,59212.0,0.0335,59194.5,0.00139035,59213.2,1.5e-05,59194.0,0.0335,59213.6,0.00062959,59193.9,0.024,59213.7,0.0422268,59193.8,0.1689,59213.8,0.02545576,59193.6,0.02,59214.0,0.0335,59193.4,0.113187,59214.1,0.1935,2024-07-13 23:59:34.608000
8,59202.0,0.03326,59202.1,0.20559144,59201.9,0.0375,59203.9,0.02010005,59200.2,0.02766004,59204.0,0.0335,59200.1,0.0312,59204.1,0.02,59200.0,0.0149,59206.0,0.070657,59198.0,0.0335,59206.6,0.00230274,59197.1,0.02010007,59207.0,0.0104191,59196.2,0.00022412,59207.7,0.04800002,59196.1,0.04222823,59207.8,0.08,59196.0,0.0335,59208.0,0.22700003,59195.9,0.17100002,59208.1,0.3225,59195.8,0.285,59210.0,0.0335,59195.4,1.5e-05,59210.9,0.12832616,59195.3,0.01098395,59212.0,0.0335,59194.5,0.00139035,59213.2,1.5e-05,59194.0,0.0335,59213.6,0.00062959,59193.9,0.024,59213.7,0.0422268,59193.8,0.1689,59213.8,0.02545576,59193.6,0.02,59214.0,0.0335,59193.4,0.113187,59214.1,0.1935,2024-07-13 23:59:34.708000
9,59202.0,0.03326,59202.1,0.20559144,59201.9,0.0375,59203.9,0.02010005,59200.2,0.02766004,59204.0,0.0335,59200.1,0.0312,59204.1,0.02,59200.0,0.0149,59206.0,0.070657,59198.0,0.0335,59206.6,0.00230274,59197.1,0.02010007,59207.0,0.0104191,59196.2,0.00022412,59207.5,0.04800003,59196.1,0.04222823,59207.6,0.08,59196.0,0.0335,59208.0,0.22700003,59195.9,0.17100002,59208.1,0.3225,59195.8,0.285,59210.0,0.0335,59195.4,1.5e-05,59210.9,0.12832616,59195.3,0.01098395,59212.0,0.0335,59194.5,0.00139035,59213.2,1.5e-05,59194.0,0.0335,59213.6,0.00062959,59193.9,0.024,59213.7,0.0422268,59193.8,0.1689,59213.8,0.02545576,59193.6,0.02,59214.0,0.0335,59193.4,0.113187,59214.1,0.1935,2024-07-13 23:59:34.808000
10,59202.0,0.03326,59202.1,0.20559144,59201.9,0.0375,59203.9,0.02010005,59200.2,0.02766004,59204.0,0.0335,59200.1,0.0312,59204.1,0.02,59200.0,0.0149,59206.0,0.070657,59198.0,0.0335,59206.6,0.00230274,59197.1,0.02010007,59207.0,0.0104191,59196.2,0.00022412,59207.5,0.02010005,59196.1,0.04222823,59208.0,0.22700003,59196.0,0.0335,59208.1,0.3225,59195.9,0.17100002,59210.0,0.0335,59195.8,0.285,59210.9,0.12832616,59195.4,1.5e-05,59212.0,0.0335,59195.3,0.01098395,59213.2,1.5e-05,59194.5,0.00139035,59213.8,0.02545576,59194.0,0.0335,59213.9,0.00027348,59193.9,0.024,59214.0,0.0335,59193.8,0.1689,59214.1,0.1935,59193.6,0.02,59214.2,0.04,59193.4,0.113187,59214.9,0.29236842,2024-07-13 23:59:34.908000
11,59202.0,0.03326,59202.1,0.20559144,59201.9,0.0375,59203.9,0.02010005,59200.2,0.02766004,59204.0,0.0335,59200.1,0.0312,59204.1,0.02,59200.0,0.0149,59206.0,0.070657,59198.0,0.0335,59206.6,0.00230274,59197.1,0.02010007,59207.0,0.0104191,59196.2,0.00022412,59207.5,0.02010005,59196.1,0.04222823,59208.0,0.22700003,59196.0,0.0335,59208.1,0.3225,59195.9,0.17100002,59210.0,0.0335,59195.8,0.285,59210.9,0.12832616,59195.4,1.5e-05,59212.0,0.0335,59195.3,0.01098395,59213.2,1.5e-05,59194.5,0.00139035,59213.8,0.02545576,59194.0,0.0335,59213.9,0.00027348,59193.9,0.024,59214.0,0.0335,59193.8,0.1689,59214.1,0.1935,59193.6,0.02,59214.2,0.04,59193.4,0.113187,59214.9,0.29236842,2024-07-13 23:59:35.008000
12,59201.9,0.0375,59202.0,0.06847073,59200.2,0.02766004,59202.1,0.15259144,59200.1,0.0312,59203.9,0.02010005,59200.0,0.0149,59204.0,0.0335,59198.0,0.0335,59204.1,0.02,59197.1,0.02010007,59206.0,0.070657,59196.2,0.00022412,59206.6,0.00230274,59196.0,0.0335,59207.0,0.0104191,59195.9,0.17100002,59207.5,0.04548755,59195.8,0.285,59207.9,0.08,59195.4,1.5e-05,59208.0,0.22700003,59195.3,0.01098395,59208.1,0.3225,59194.5,0.00139035,59210.0,0.0335,59194.0,0.0335,59210.9,0.12832616,59193.9,0.024,59212.0,0.0335,59193.6,0.02,59213.2,1.5e-05,59193.4,0.282087,59213.8,0.02545576,59193.3,0.11822453,59213.9,0.00027348,59192.5,0.05522799,59214.0,0.0335,59192.4,0.05432913,59214.1,0.1935,2024-07-13 23:59:35.108000
13,59201.9,0.0375,59202.0,0.21556073,59200.2,0.02766004,59202.6,0.00071996,59200.1,0.0312,59203.9,0.02010005,59200.0,0.0149,59204.0,0.0335,59198.0,0.0335,59204.1,0.02,59197.1,0.02010007,59206.0,0.070657,59196.0,0.20450009,59206.6,0.00230274,59195.9,0.285,59207.0,0.0104191,59195.4,1.5e-05,59207.5,0.04548755,59194.5,0.00139035,59207.9,0.08,59194.2,0.01135537,59208.0,0.22700003,59194.0,0.0335,59208.1,0.3225,59193.9,0.024,59210.0,0.0335,59193.6,0.02,59210.9,0.12832616,59193.4,0.282087,59212.0,0.0335,59193.3,0.11822453,59212.6,0.00337929,59192.4,0.05432913,59213.2,1.5e-05,59192.0,0.0335,59213.7,0.00048614,59191.2,0.0069144,59213.8,0.02545576,59191.0,0.00039431,59214.0,0.0335,2024-07-13 23:59:35.208000
14,59201.9,0.0375,59202.0,0.21556073,59200.2,0.02766004,59202.6,0.00071996,59200.1,0.0312,59203.9,0.02010005,59200.0,0.0149,59204.0,0.0335,59198.0,0.0335,59204.1,0.02,59197.8,0.02534,59206.0,0.070657,59197.1,0.02010007,59206.6,0.00230274,59196.2,0.00031451,59207.0,0.0104191,59196.1,0.0422283,59207.5,0.02010005,59196.0,0.20450009,59208.0,0.22700003,59195.9,0.285,59208.1,0.3225,59195.4,1.5e-05,59210.0,0.0335,59195.1,0.01098395,59210.9,0.12832616,59195.0,0.1,59212.0,0.0335,59194.5,0.00139035,59212.6,0.00337929,59194.0,0.0335,59213.2,1.5e-05,59193.9,0.024,59213.8,0.02545576,59193.6,0.02,59213.9,0.00061721,59193.4,0.282087,59214.0,0.0335,59193.3,0.11822453,59214.1,0.1935,2024-07-13 23:59:35.308000
15,59201.9,0.0375,59202.0,0.21556073,59200.2,0.02766004,59202.6,0.00071996,59200.1,0.0312,59203.9,0.02010005,59200.0,0.0149,59204.0,0.0335,59198.0,0.0335,59204.1,0.02,59197.8,0.02534,59206.0,0.070657,59197.1,0.02010007,59206.6,0.00230274,59196.2,0.00031451,59207.0,0.0104191,59196.1,0.0422283,59207.5,0.02010005,59196.0,0.20450009,59208.0,0.22700003,59195.9,0.285,59208.1,0.3225,59195.4,1.5e-05,59210.0,0.0335,59195.1,0.01098395,59210.9,0.12832616,59195.0,0.1,59212.0,0.0335,59194.5,0.00139035,59212.6,0.00337929,59194.0,0.0335,59213.2,1.5e-05,59193.9,0.024,59213.8,0.02545576,59193.6,0.02,59213.9,0.00061721,59193.4,0.282087,59214.0,0.0335,59193.3,0.11822453,59214.1,0.1935,2024-07-13 23:59:35.408000
16,59201.9,0.0375,59202.0,0.21556073,59200.2,0.02766004,59202.6,0.00071996,59200.1,0.0312,59203.9,0.02010005,59200.0,0.0149,59204.0,0.0335,59198.0,0.0335,59204.1,0.02,59197.1,0.02010007,59206.0,0.070657,59196.2,0.00031451,59206.6,0.00230274,59196.1,0.0422283,59207.0,0.0104191,59196.0,0.20450009,59207.5,0.02010005,59195.9,0.285,59208.0,0.22700003,59195.4,1.5e-05,59208.1,0.3225,59195.1,0.01098395,59210.0,0.0335,59195.0,0.1,59210.9,0.12832616,59194.5,0.00139035,59212.0,0.0335,59194.0,0.0335,59212.6,0.00337929,59193.9,0.024,59213.2,0.050685,59193.6,0.02,59213.8,0.02545576,59193.4,0.282087,59213.9,0.00061721,59193.3,0.11822453,59214.0,0.0335,59192.4,0.05432913,59214.1,0.1935,2024-07-13 23:59:35.508000
17,59201.9,0.0375,59202.0,0.21556073,59200.2,0.02766004,59202.6,0.00071996,59200.1,0.0312,59203.9,0.02010005,59200.0,0.0149,59204.0,0.0335,59198.0,0.0335,59204.1,0.02,59197.1,0.02010007,59206.0,0.070657,59196.2,0.00031451,59206.6,0.00230274,59196.1,0.0422283,59207.0,0.0104191,59196.0,0.20450009,59207.5,0.02010005,59195.9,0.285,59207.9,0.08,59195.4,1.5e-05,59208.0,0.22700003,59195.1,0.01098395,59208.1,0.3225,59195.0,0.1,59210.0,0.0335,59194.5,0.00139035,59210.9,0.12832616,59194.0,0.0335,59212.0,0.0335,59193.9,0.024,59212.6,0.00337929,59193.6,0.02,59213.2,0.050685,59193.4,0.282087,59213.8,0.02545576,59193.3,0.11822453,59213.9,0.00061721,59192.4,0.05432913,59214.0,0.0335,2024-07-13 23:59:35.608000
18,59201.9,0.0375,59202.0,0.21556073,59200.2,0.02766004,59202.6,0.00071996,59200.1,0.0312,59203.9,0.02010005,59200.0,0.0149,59204.0,0.0335,59198.0,0.0335,59204.1,0.02,59197.1,0.02010007,59206.0,0.070657,59196.1,0.00033415,59206.6,0.00230274,59196.0,0.20450009,59207.0,0.0104191,59195.9,0.285,59207.5,0.02010005,59195.4,1.5e-05,59208.0,0.22700003,59195.1,0.01098395,59208.1,0.3225,59195.0,0.1,59210.0,0.0335,59194.5,0.00139035,59210.9,0.12832616,59194.0,0.0335,59212.0,0.0335,59193.9,0.024,59212.6,0.00337929,59193.6,0.02,59213.2,0.050685,59193.4,0.282087,59213.8,0.02545576,59193.3,0.11822453,59213.9,0.00061721,59192.4,0.05432913,59214.0,0.0335,59192.0,0.0335,59214.1,0.1935,2024-07-13 23:59:35.708000
19,59201.9,0.0375,59202.0,0.21556073,59200.2,0.02766004,59202.6,0.00071996,59200.1,0.0312,59203.9,0.02010005,59200.0,0.0149,59204.0,0.0335,59198.0,0.0335,59204.1,0.02,59197.1,0.02010007,59206.0,0.070657,59196.0,0.0335,59206.6,0.00230274,59195.4,1.5e-05,59207.0,0.0104191,59195.0,0.1,59207.5,0.02010005,59194.5,0.00139035,59208.0,0.22700003,59194.3,0.01098395,59208.1,0.3225,59194.2,0.0004194,59210.0,0.0335,59194.1,0.16925226,59210.9,0.12832616,59194.0,0.0335,59212.0,0.0335,59193.9,0.024,59212.6,0.00337929,59193.6,0.02,59213.1,0.00048727,59193.4,0.282087,59213.2,0.050685,59193.3,0.11822453,59213.3,0.050673,59192.4,0.05432913,59213.8,0.02545576,59192.0,0.0335,59214.0,0.0335,2024-07-13 23:59:35.808000
20,59201.9,0.0375,59202.0,0.21556073,59200.2,0.02766004,59202.6,0.00071996,59200.1,0.0312,59203.9,0.02010005,59200.0,0.0149,59204.0,0.0335,59198.0,0.0335,59204.1,0.02,59197.1,0.02010007,59206.0,0.070657,59196.1,0.00018425,59206.6,0.00230274,59196.0,0.0335,59207.0,0.0104191,59195.9,0.285,59207.5,0.04548756,59195.4,1.5e-05,59207.9,0.08,59195.0,0.11098395,59208.0,0.22700003,59194.5,0.00139035,59208.1,0.3225,59194.1,0.16925226,59210.0,0.0335,59194.0,0.0335,59210.9,0.12832616,59193.9,0.024,59212.0,0.0335,59193.6,0.02,59212.6,0.00337929,59193.4,0.282087,59213.1,0.00048727,59193.3,0.11822453,59213.2,0.050685,59192.4,0.05432913,59213.3,0.050673,59192.0,0.0335,59213.8,0.02545576,2024-07-13 23:59:35.908000
21,59201.9,0.0375,59202.0,0.21556073,59200.2,0.02766004,59202.6,0.00071996,59200.1,0.0312,59203.9,0.02010005,59200.0,0.0149,59204.0,0.0335,59198.0,0.0335,59204.1,0.02,59197.1,0.02010007,59206.0,0.070657,59196.2,0.00027167,59206.6,0.00230274,59196.1,0.0422283,59207.0,0.0104191,59196.0,0.0335,59207.5,0.04548756,59195.9,0.285,59207.9,0.08,59195.4,1.5e-05,59208.0,0.22700003,59195.0,0.11098395,59208.1,0.3225,59194.5,0.00139035,59210.0,0.0335,59194.1,0.16925226,59210.9,0.12832616,59194.0,0.0335,59212.0,0.0335,59193.9,0.024,59212.6,0.00337929,59193.6,0.02,59213.1,0.00048727,59193.4,0.282087,59213.2,0.050685,59193.3,0.11822453,59213.3,0.050673,59192.4,0.05432913,59213.8,0.02545576,2024-07-13 23:59:36.008000
22,59201.9,0.0375,59202.0,0.22416073,59200.2,0.02766004,59202.6,0.00071996,59200.1,0.0312,59203.9,0.02010005,59200.0,0.0149,59204.0,0.0335,59198.0,0.0335,59204.1,0.02,59197.1,0.02010007,59206.0,0.070657,59196.2,0.00027167,59206.6,0.00230274,59196.1,0.0422283,59207.0,0.0104191,59196.0,0.0335,59207.5,0.04548756,59195.9,0.285,59207.9,0.08,59195.4,1.5e-05,59208.0,0.22700003,59195.0,0.11098395,59208.1,0.3225,59194.5,0.00139035,59210.0,0.0335,59194.1,0.16925226,59210.8,0.050673,59194.0,0.0335,59210.9,0.12832616,59193.9,0.024,59212.0,0.0335,59193.6,0.02,59212.6,0.00337929,59193.4,0.282087,59213.2,0.050685,59193.3,0.11822453,59213.8,0.02545576,59192.4,0.05432913,59213.9,0.00028681,2024-07-13 23:59:36.108000
23,59201.9,0.0375,59202.0,0.22416073,59200.2,0.02766004,59202.6,0.00071996,59200.1,0.0312,59203.9,0.02010005,59200.0,0.0149,59204.0,0.0335,59198.0,0.0335,59204.1,0.02,59197.1,0.02010007,59206.0,0.070657,59196.1,0.0422283,59206.6,0.00230274,59196.0,0.0335,59207.0,0.0104191,59195.4,1.5e-05,59207.5,0.04548756,59195.0,0.11098395,59207.6,0.05117031,59194.5,0.00139035,59207.9,0.08,59194.2,0.00040952,59208.0,0.22700003,59194.1,0.07093472,59208.1,0.3225,59194.0,0.0335,59210.0,0.0335,59193.9,0.024,59210.8,0.050673,59193.4,0.113187,59210.9,0.12832616,59193.3,0.11822453,59212.0,0.0335,59192.4,0.05432913,59213.2,0.050685,59192.0,0.0335,59213.8,0.02545576,59191.9,0.10134009,59213.9,0.0003807,2024-07-13 23:59:36.208000
24,59201.9,0.0375,59202.0,0.22416073,59200.2,0.02766004,59202.6,0.00071996,59200.1,0.0312,59203.9,0.02010005,59200.0,0.0149,59204.0,0.0335,59198.0,0.0335,59204.1,0.02,59197.1,0.02010007,59206.0,0.070657,59196.2,0.02560686,59206.6,0.00230274,59196.1,0.0422283,59207.0,0.0104191,59196.0,0.20450002,59207.3,0.04800003,59195.9,0.285,59207.4,0.08,59195.4,1.5e-05,59207.6,0.05117031,59195.1,0.0422283,59208.0,0.22700003,59195.0,0.11098395,59208.1,0.3225,59194.5,0.00139035,59210.0,0.0335,59194.0,0.0335,59210.8,0.050673,59193.9,0.024,59210.9,0.12832616,59193.4,0.113187,59212.0,0.0335,59193.3,0.11822453,59213.2,0.050685,59192.4,0.05432913,59213.8,0.02545576,59192.0,0.16617801,59213.9,0.0003807,2024-07-13 23:59:36.308000
25,59201.9,0.0375,59202.0,0.22416073,59200.2,0.02766004,59202.6,0.00071996,59200.1,0.0312,59203.9,0.02010005,59200.0,0.0149,59204.0,0.0335,59198.0,0.0335,59204.1,0.02,59197.1,0.02010007,59206.0,0.070657,59196.4,0.00025595,59206.6,0.00230274,59196.3,0.0422283,59207.0,0.0104191,59196.2,0.02534,59207.3,0.04800003,59196.1,0.0422283,59207.4,0.08,59196.0,0.20450002,59207.6,0.05117031,59195.9,0.285,59208.0,0.22700003,59195.4,1.5e-05,59208.1,0.3225,59195.1,0.0422283,59210.0,0.0335,59195.0,0.11098395,59210.8,0.050673,59194.5,0.00139035,59210.9,0.12832616,59194.0,0.0335,59212.0,0.0335,59193.9,0.024,59213.2,0.050685,59193.4,0.113187,59213.8,0.02545576,59193.3,0.11822453,59213.9,0.0003807,2024-07-13 23:59:36.408000
26,59201.9,0.0375,59202.0,0.21556073,59200.2,0.02766004,59203.9,0.02010005,59200.1,0.0312,59204.0,0.0335,59200.0,0.0149,59204.1,0.02,59198.0,0.0335,59206.0,0.070657,59197.1,0.02010007,59206.6,0.00230274,59196.4,0.00025595,59207.0,0.0104191,59196.3,0.0422283,59207.1,0.04800004,59196.2,0.02534,59207.2,0.08,59196.1,0.0422283,59207.6,0.05117031,59196.0,0.20450002,59208.0,0.22700003,59195.9,0.285,59208.1,0.3225,59195.4,1.5e-05,59209.0,0.050673,59195.1,0.0422283,59210.0,0.0335,59195.0,0.11098395,59210.8,0.050673,59194.5,0.00139035,59210.9,0.12832616,59194.0,0.0335,59212.0,0.0335,59193.9,0.024,59212.4,0.006757,59193.4,0.113187,59213.2,1.5e-05,59193.3,0.11822453,59213.7,0.00020734,2024-07-13 23:59:36.508000
27,59201.9,0.0375,59202.0,0.21556073,59200.2,0.02766004,59203.9,0.02010005,59200.1,0.0312,59204.0,0.0335,59200.0,0.0149,59204.1,0.02,59198.0,0.0335,59206.0,0.070657,59197.1,0.02010007,59206.6,0.00230274,59196.4,0.00025595,59207.0,0.0104191,59196.1,0.02534,59207.1,0.04800004,59196.0,0.20450002,59207.2,0.08,59195.9,0.285,59207.6,0.05117031,59195.4,1.5e-05,59208.0,0.22700003,59195.1,0.0422283,59208.1,0.3225,59195.0,0.11098395,59209.0,0.050673,59194.5,0.00139035,59210.0,0.0335,59194.0,0.0335,59210.8,0.050673,59193.9,0.024,59210.9,0.12832616,59193.4,0.113187,59212.0,0.0335,59193.3,0.11822453,59212.4,0.006757,59192.4,0.05432913,59213.2,1.5e-05,59192.0,0.16617801,59213.7,0.00020734,2024-07-13 23:59:36.608000
28,59201.9,0.0289,59202.0,0.21556073,59200.2,0.02766004,59203.9,0.02010005,59200.1,0.0312,59204.0,0.0335,59200.0,0.0149,59204.1,0.02,59198.0,0.0335,59206.0,0.070657,59197.1,0.02010007,59206.6,0.00230274,59196.1,0.02534,59207.0,0.0104191,59196.0,0.0335,59207.1,0.03070227,59195.4,1.5e-05,59207.6,0.05117031,59195.1,0.0422283,59208.0,0.22700003,59195.0,0.11098395,59208.1,0.3225,59194.5,0.00139035,59209.0,0.050673,59194.1,0.07093481,59210.0,0.0335,59194.0,0.0335,59210.8,0.050673,59193.9,0.024,59210.9,0.12832616,59193.6,0.00025777,59212.0,0.0335,59193.5,0.0422283,59212.4,0.006757,59193.4,0.113187,59213.2,1.5e-05,59193.3,0.11822453,59213.8,0.02545576,59192.4,0.05432913,59213.9,0.00026477,2024-07-13 23:59:36.708000
29,59201.9,0.0289,59202.0,0.21556073,59200.2,0.02766004,59203.9,0.02010005,59200.1,0.0312,59204.0,0.0335,59200.0,0.0149,59204.1,0.02,59198.0,0.0335,59205.9,0.08,59197.1,0.02010007,59206.0,0.070657,59196.1,0.02534,59206.6,0.00230274,59196.0,0.0335,59207.0,0.0104191,59195.4,1.5e-05,59207.1,0.03070227,59195.1,0.0422283,59207.6,0.05117031,59195.0,0.11098395,59208.0,0.22700003,59194.5,0.00139035,59208.1,0.3225,59194.2,0.00040879,59209.0,0.050673,59194.1,0.07093481,59210.0,0.0335,59194.0,0.0335,59210.8,0.050673,59193.9,0.024,59210.9,0.12832616,59193.5,0.0422283,59212.0,0.0335,59193.4,0.113187,59212.4,0.006757,59193.3,0.11822453,59213.2,1.5e-05,59192.4,0.05432913,59213.7,0.00030409,2024-07-13 23:59:36.808000
30,59201.9,0.0289,59202.0,0.21556073,59200.2,0.02766004,59203.9,0.02010005,59200.1,0.0312,59204.0,0.0335,59200.0,0.0149,59204.1,0.02,59198.0,0.0335,59205.9,0.08,59197.1,0.02010007,59206.0,0.070657,59196.2,0.00024129,59206.6,0.00230274,59196.1,0.02534,59207.0,0.0104191,59196.0,0.20450001,59207.1,0.03070227,59195.9,0.285,59207.6,0.05117031,59195.4,1.5e-05,59208.0,0.22700003,59195.1,0.0422283,59208.1,0.3225,59195.0,0.11098395,59209.0,0.050673,59194.5,0.00139035,59210.0,0.0335,59194.0,0.0335,59210.8,0.050673,59193.9,0.024,59210.9,0.12832616,59193.5,0.0422283,59212.0,0.0335,59193.4,0.113187,59212.4,0.006757,59193.3,0.11822453,59213.2,1.5e-05,59192.4,0.05432913,59213.7,0.00030409,2024-07-13 23:59:36.908000
31,59201.9,0.0289,59202.0,0.21556073,59200.2,0.02766004,59203.9,0.02010005,59200.1,0.0312,59204.0,0.0335,59200.0,0.0149,59204.1,0.02,59198.0,0.0335,59205.9,0.08,59197.1,0.02010007,59206.0,0.070657,59196.2,0.00024129,59206.6,0.00230274,59196.1,0.02534,59207.0,0.0104191,59196.0,0.20450001,59207.1,0.03070227,59195.9,0.285,59207.6,0.05117031,59195.4,1.5e-05,59208.0,0.22700003,59195.1,0.0422283,59208.1,0.3225,59195.0,0.11098395,59209.0,0.050673,59194.5,0.00139035,59210.0,0.0335,59194.0,0.0335,59210.8,0.050673,59193.9,0.024,59210.9,0.12832616,59193.5,0.0422283,59212.0,0.0335,59193.4,0.113187,59212.4,0.006757,59193.3,0.11822453,59213.2,1.5e-05,59192.4,0.05432913,59213.7,0.00030409,2024-07-13 23:59:37.008000
32,59201.9,0.0878,59202.0,0.21556073,59200.2,0.02766004,59203.9,0.02010005,59200.1,0.0312,59204.0,0.0335,59200.0,0.0149,59204.1,0.02,59198.0,0.0335,59206.0,0.070657,59197.1,0.02010007,59206.6,0.00230274,59196.2,0.00024129,59207.0,0.0104191,59196.1,0.02534,59207.4,0.04800002,59196.0,0.20450001,59207.5,0.08,59195.9,0.285,59207.6,0.05117031,59195.4,1.5e-05,59208.0,0.22700003,59195.1,0.0422283,59208.1,0.3225,59195.0,0.11098395,59209.0,0.050673,59194.5,0.00139035,59210.0,0.0335,59194.0,0.0335,59210.8,0.050673,59193.9,0.024,59210.9,0.12832616,59193.5,0.0422283,59212.0,0.0335,59193.4,0.113187,59212.4,0.006757,59193.3,0.11822453,59213.2,1.5e-05,59192.4,0.05432913,59213.7,0.00030892,2024-07-13 23:59:37.108000
33,59201.9,0.0878,59202.0,0.17756073,59200.2,0.02766004,59203.9,0.02010005,59200.1,0.0312,59204.0,0.0335,59200.0,0.0149,59206.0,0.070657,59198.0,0.0335,59206.6,0.00230274,59197.1,0.02010007,59207.0,0.0104191,59196.3,0.00036328,59207.4,0.03070222,59196.2,0.0422283,59207.6,0.05117031,59196.1,0.02534,59208.0,0.22700003,59196.0,0.20450001,59208.1,0.3225,59195.9,0.285,59209.0,0.050673,59195.6,0.01098395,59210.0,0.0335,59195.4,1.5e-05,59210.8,0.050673,59195.1,0.0422283,59210.9,0.12832616,59195.0,0.1,59212.0,0.0335,59194.5,0.00139035,59212.4,0.006757,59194.0,0.0335,59213.2,1.5e-05,59193.9,0.024,59213.8,0.02545576,59193.5,0.0422283,59213.9,0.00019144,59193.4,0.113187,59214.0,0.0335,2024-07-13 23:59:37.208000
34,59201.9,0.0878,59202.0,0.46256073,59200.2,0.02766004,59203.9,0.02010005,59200.1,0.0312,59204.0,0.0335,59200.0,0.0149,59206.0,0.070657,59198.0,0.0335,59206.6,0.00230274,59197.1,0.02010007,59207.0,0.0104191,59196.3,0.00036328,59207.4,0.03070222,59196.2,0.0422283,59207.6,0.05117031,59196.1,0.02534,59208.0,0.22700003,59196.0,0.20450001,59208.1,0.3225,59195.6,0.01098395,59209.0,0.050673,59195.4,1.5e-05,59210.0,0.0335,59195.1,0.0422283,59210.8,0.050673,59195.0,0.1,59210.9,0.12832616,59194.5,0.00139035,59212.0,0.0335,59194.0,0.0335,59212.4,0.006757,59193.9,0.024,59213.2,1.5e-05,59193.5,0.0422283,59213.8,0.02545576,59193.4,0.113187,59213.9,0.00019144,59193.3,0.11822453,59214.0,0.0335,2024-07-13 23:59:37.308000
35,59201.9,0.0879,59202.0,0.16209,59200.2,0.02766004,59203.9,0.02010005,59200.1,0.0312,59204.0,0.0335,59200.0,0.0149,59206.0,0.070657,59198.0,0.0335,59206.6,0.00230274,59197.1,0.02010007,59207.0,0.03070227,59196.3,0.0422283,59207.1,0.050676,59196.2,0.02534,59208.0,0.22700003,59196.1,0.00042433,59208.1,0.3225,59196.0,0.20450007,59209.0,0.050673,59195.9,0.285,59210.0,0.0335,59195.4,1.5e-05,59210.9,0.12832616,59195.0,0.1,59212.0,0.0335,59194.5,0.00139035,59212.4,0.006757,59194.2,0.0422283,59213.2,1.5e-05,59194.0,0.0335,59213.8,0.02545576,59193.9,0.024,59213.9,0.00033286,59193.5,0.0422283,59214.0,0.0335,59193.4,0.113187,59214.1,0.1935,59193.3,0.11822453,59214.2,0.04,2024-07-13 23:59:37.408000
36,59203.9,0.09517,59204.0,0.1257,59203.8,0.0375,59205.9,0.0423942,59202.1,0.02010004,59206.0,0.070657,59202.0,0.0335,59206.6,0.00230274,59201.9,0.04005,59208.0,0.22700003,59200.1,0.0312,59208.1,0.3225,59200.0,0.0149,59209.0,0.050673,59198.0,0.0335,59210.0,0.0335,59197.1,0.02010007,59210.9,0.17900216,59196.4,0.00041043,59211.0,0.00337929,59196.3,0.0422283,59212.0,0.0335,59196.2,0.02534,59212.4,0.006757,59196.0,0.20450007,59212.7,0.112479,59195.9,0.285,59213.2,1.5e-05,59195.4,1.5e-05,59213.8,0.02545576,59195.0,0.1,59213.9,0.00033286,59194.5,0.00139035,59214.0,0.0335,59194.2,0.0422283,59214.1,0.1935,59194.0,0.0335,59214.2,0.04,59193.9,0.024,59214.9,0.0884455,2024-07-13 23:59:37.508000
37,59203.9,0.10930772,59204.0,0.1257,59203.8,0.0375,59205.9,0.0423942,59202.1,0.02010004,59206.0,0.070657,59202.0,0.0335,59206.6,0.00230274,59201.9,0.04005,59208.0,0.22700003,59200.2,0.01872005,59208.1,0.3225,59200.1,0.0312,59210.0,0.0335,59200.0,0.0149,59210.9,0.12832616,59198.0,0.0335,59211.0,0.00337929,59197.1,0.02010007,59211.9,0.06748741,59196.4,0.00041043,59212.0,0.0335,59196.3,0.0422283,59212.7,0.112479,59196.2,0.02534,59213.2,1.5e-05,59196.0,0.20450007,59213.9,0.00033286,59195.9,0.285,59214.0,0.0335,59195.4,1.5e-05,59214.1,0.1935,59195.0,0.1,59214.2,0.04,59194.5,0.00139035,59214.9,0.0884455,59194.2,0.0422283,59215.2,0.01,59194.0,0.0335,59215.3,0.3225,2024-07-13 23:59:37.608000
38,59203.9,0.10930772,59204.0,0.1257,59203.8,0.0375,59205.9,0.0423942,59202.1,0.02010004,59206.0,0.070657,59202.0,0.0335,59206.6,0.00230274,59201.9,0.04005,59208.0,0.0335,59200.2,0.01872005,59208.1,0.0375,59200.1,0.0312,59209.9,0.07699573,59200.0,0.0149,59210.0,0.0335,59198.0,0.0335,59210.9,0.12832616,59197.1,0.02010007,59211.0,0.00337929,59196.4,0.00041043,59212.0,0.0335,59196.3,0.0422283,59212.7,0.112479,59196.2,0.02534,59213.2,1.5e-05,59196.0,0.20450007,59213.8,0.00033923,59195.9,0.285,59213.9,0.04799195,59195.4,1.5e-05,59214.0,0.084174,59195.0,0.1,59214.1,0.1935,59194.5,0.00139035,59214.2,0.04,59194.2,0.0422283,59214.9,0.08,59194.0,0.0335,59215.1,0.0084455,2024-07-13 23:59:37.708000
39,59203.9,0.10930772,59204.0,0.1257,59203.8,0.0375,59205.9,0.0423942,59202.1,0.02010004,59206.0,0.070657,59202.0,0.0335,59206.6,0.00230274,59201.9,0.04005,59208.0,0.0335,59200.2,0.01872005,59208.1,0.0375,59200.1,0.0312,59209.9,0.07699573,59200.0,0.0149,59210.0,0.0335,59198.0,0.0335,59210.9,0.12832616,59197.1,0.02010007,59211.0,0.00337929,59196.4,0.00041043,59212.0,0.0335,59196.3,0.0422283,59212.7,0.112479,59196.2,0.02534,59213.2,1.5e-05,59196.0,0.20450007,59213.8,0.00033923,59195.9,0.285,59213.9,0.04799195,59195.4,1.5e-05,59214.0,0.084174,59195.0,0.1,59214.1,0.1935,59194.5,0.00139035,59214.2,0.04,59194.2,0.0422283,59214.9,0.0884455,59194.0,0.0335,59215.2,0.01,2024-07-13 23:59:37.808000
40,59203.9,0.12409733,59204.0,0.0922,59203.8,0.0375,59205.9,0.0423942,59202.1,0.02010004,59206.0,0.070657,59202.0,0.0335,59206.6,0.00230274,59201.9,0.04005,59208.0,0.0335,59200.2,0.01872005,59208.1,0.0375,59200.1,0.0312,59209.9,0.07699573,59200.0,0.0149,59210.0,0.0335,59198.0,0.0335,59210.9,0.12832616,59197.1,0.02010007,59211.0,0.00337929,59196.4,0.00041043,59212.0,0.0335,59196.3,0.0422283,59212.7,0.112479,59196.2,0.02534,59213.2,1.5e-05,59196.0,0.20450007,59213.8,0.00033923,59195.9,0.285,59213.9,0.04799195,59195.4,1.5e-05,59214.0,0.084174,59195.0,0.1,59214.1,0.1935,59194.5,0.00139035,59214.2,0.04,59194.2,0.0422283,59214.9,0.08,59194.1,0.09799682,59215.1,0.0084455,2024-07-13 23:59:37.908000
41,59203.9,0.12409733,59204.0,0.0922,59203.8,0.0375,59205.9,0.0423942,59202.1,0.02010004,59206.0,0.070657,59202.0,0.0335,59206.6,0.00230274,59201.9,0.04005,59208.0,0.0335,59200.2,0.01872005,59208.1,0.0375,59200.1,0.0312,59209.9,0.07699573,59200.0,0.0149,59210.0,0.0335,59198.0,0.0335,59210.9,0.12832616,59197.1,0.02010007,59211.0,0.00337929,59196.4,0.00041043,59212.0,0.0335,59196.3,0.0422283,59212.7,0.112479,59196.2,0.02534,59213.2,1.5e-05,59196.0,0.20450007,59213.8,0.00033923,59195.9,0.285,59213.9,0.04799195,59195.4,1.5e-05,59214.0,0.084174,59195.0,0.1,59214.1,0.1935,59194.5,0.00139035,59214.2,0.04,59194.2,0.0422283,59214.9,0.0884455,59194.1,0.09799682,59215.2,0.01,2024-07-13 23:59:38.008000
42,59203.9,0.12409733,59204.0,0.0922,59203.8,0.0375,59205.9,0.0423942,59202.1,0.02010004,59206.0,0.070657,59202.0,0.0335,59206.6,0.00230274,59201.9,0.04005,59208.0,0.0335,59200.2,0.01872005,59208.1,0.0375,59200.1,0.0312,59209.9,0.07699573,59200.0,0.0149,59210.0,0.0335,59198.0,0.0335,59210.8,0.08,59197.1,0.02010007,59210.9,0.12832616,59196.4,0.00041043,59211.0,0.00337929,59196.3,0.0422283,59212.0,0.0335,59196.2,0.02534,59212.7,0.112479,59196.0,0.20450007,59213.2,1.5e-05,59195.9,0.285,59213.8,0.00033923,59195.4,1.5e-05,59213.9,0.04799195,59195.0,0.1,59214.0,0.084174,59194.5,0.00139035,59214.1,0.1935,59194.2,0.0422283,59214.2,0.04,59194.1,0.09799682,59214.9,0.08,2024-07-13 23:59:38.108000
43,59203.9,0.12409733,59204.0,0.0922,59203.8,0.0375,59205.9,0.0423942,59202.1,0.02010004,59206.0,0.070657,59202.0,0.0335,59206.6,0.00230274,59201.9,0.04005,59208.0,0.0335,59200.2,0.01872005,59208.1,0.0375,59200.1,0.0312,59209.9,0.07699573,59200.0,0.0149,59210.0,0.0335,59198.0,0.0335,59210.9,0.12832616,59197.1,0.02010007,59211.0,0.00337929,59196.4,0.00041043,59212.0,0.0335,59196.3,0.0422283,59212.7,0.112479,59196.2,0.02534,59213.2,1.5e-05,59196.0,0.20450007,59213.8,0.00033923,59195.9,0.285,59213.9,0.04799195,59195.4,1.5e-05,59214.0,0.084174,59195.0,0.1,59214.1,0.1935,59194.5,0.00139035,59214.2,0.04,59194.2,0.0422283,59214.9,0.0884455,59194.1,0.09799682,59215.2,0.01,2024-07-13 23:59:38.208000
44,59203.9,0.10930772,59204.0,0.1185,59203.8,0.0375,59205.9,0.0423942,59202.1,0.02010004,59206.0,0.070657,59202.0,0.0335,59206.6,0.00230274,59201.9,0.0289,59208.0,0.0335,59200.2,0.01872005,59208.1,0.0375,59200.1,0.0312,59209.9,0.07699573,59200.0,0.0149,59210.0,0.0335,59198.0,0.0335,59210.9,0.12832616,59197.1,0.02010007,59211.0,0.00337929,59196.4,0.00041043,59212.0,0.0335,59196.3,0.0422283,59212.7,0.112479,59196.2,0.02534,59213.2,1.5e-05,59196.0,0.20450007,59213.8,0.00033923,59195.9,0.285,59213.9,0.04799195,59195.4,1.5e-05,59214.0,0.084174,59195.0,0.1,59214.1,0.1935,59194.5,0.00139035,59214.2,0.04,59194.2,0.0422283,59214.9,0.08,59194.0,0.0335,59215.1,0.0084455,2024-07-13 23:59:38.308000
45,59203.9,0.10930772,59204.0,0.12301,59203.8,0.0375,59205.9,0.0423942,59202.1,0.02010004,59206.0,0.070657,59202.0,0.0335,59206.6,0.00230274,59201.9,0.0289,59208.0,0.0335,59200.2,0.01872005,59208.1,0.0375,59200.1,0.0312,59209.9,0.07699573,59200.0,0.0149,59210.0,0.0335,59198.0,0.0335,59210.8,0.08,59197.1,0.02010007,59210.9,0.12832616,59196.4,0.00041043,59211.0,0.00337929,59196.3,0.0422283,59212.0,0.0335,59196.2,0.02534,59212.7,0.112479,59196.0,0.20450007,59213.2,1.5e-05,59195.9,0.285,59213.8,0.00033923,59195.4,1.5e-05,59213.9,0.04799195,59195.0,0.1,59214.0,0.084174,59194.5,0.00139035,59214.1,0.1935,59194.2,0.0422283,59214.2,0.04,59194.0,0.0335,59214.9,0.0884455,2024-07-13 23:59:38.408000
46,59203.9,0.10930772,59204.0,0.12301,59203.8,0.0375,59205.9,0.0423942,59202.1,0.02010004,59206.0,0.070657,59202.0,0.0335,59206.6,0.00230274,59201.9,0.0289,59208.0,0.0335,59200.2,0.01872005,59208.1,0.0375,59200.1,0.0312,59209.9,0.07699573,59200.0,0.0149,59210.0,0.0335,59198.0,0.0335,59210.8,0.08,59197.1,0.02010007,59210.9,0.12832616,59196.4,0.00041043,59211.0,0.00337929,59196.3,0.0422283,59212.0,0.0335,59196.2,0.02534,59212.7,0.112479,59196.0,0.20450007,59213.2,1.5e-05,59195.9,0.285,59213.8,0.00033923,59195.4,1.5e-05,59213.9,0.04799195,59195.0,0.1,59214.0,0.084174,59194.5,0.00139035,59214.1,0.1935,59194.2,0.0422283,59214.2,0.04,59194.0,0.0335,59214.9,0.0884455,2024-07-13 23:59:38.508000
47,59203.9,0.10930772,59204.0,0.12297272,59203.8,0.0375,59205.9,0.0423942,59202.1,0.02010004,59206.0,0.070657,59202.0,0.0335,59206.6,0.00230274,59201.9,0.0289,59208.0,0.0335,59200.2,0.01872005,59208.1,0.0375,59200.1,0.0312,59209.9,0.07699573,59200.0,0.0149,59210.0,0.0335,59198.0,0.0335,59210.8,0.08,59197.1,0.02010007,59210.9,0.12832616,59196.4,0.00041043,59211.0,0.00337929,59196.3,0.0422283,59212.0,0.0335,59196.2,0.02534,59212.7,0.112479,59196.0,0.20450007,59213.2,1.5e-05,59195.9,0.285,59213.8,0.00033923,59195.4,1.5e-05,59213.9,0.04799195,59195.0,0.1,59214.0,0.084174,59194.5,0.00139035,59214.1,0.1935,59194.2,0.0422283,59214.2,0.04,59194.0,0.0335,59214.9,0.0884455,2024-07-13 23:59:38.608000
48,59203.9,0.10930772,59204.0,0.12297272,59203.8,0.0375,59205.9,0.0423942,59202.1,0.02010004,59206.0,0.070657,59202.0,0.0335,59206.6,0.00230274,59201.9,0.0289,59208.0,0.0335,59200.2,0.01872005,59208.1,0.0375,59200.1,0.0312,59209.8,0.08,59200.0,0.0149,59209.9,0.07699573,59198.0,0.0335,59210.0,0.0335,59197.1,0.02010007,59210.8,0.08,59196.4,0.00041043,59210.9,0.12832616,59196.3,0.0422283,59211.0,0.00337929,59196.2,0.02534,59212.0,0.0335,59196.0,0.20450007,59212.7,0.112479,59195.9,0.285,59213.2,1.5e-05,59195.4,1.5e-05,59213.8,0.00033923,59195.0,0.1,59213.9,0.04799195,59194.5,0.00139035,59214.0,0.084174,59194.2,0.0422283,59214.1,0.1935,59194.0,0.0335,59214.2,0.04,2024-07-13 23:59:38.708000
49,59203.9,0.10930772,59204.0,0.12297272,59203.8,0.0375,59205.9,0.0423942,59202.1,0.02010004,59206.0,0.070657,59202.0,0.0335,59206.6,0.00230274,59201.9,0.0289,59208.0,0.0335,59200.2,0.01872005,59208.1,0.0375,59200.1,0.0312,59209.8,0.08,59200.0,0.0149,59209.9,0.07699573,59198.0,0.0335,59210.0,0.0335,59197.1,0.02010007,59210.8,0.08,59196.4,0.00041043,59210.9,0.12832616,59196.3,0.0422283,59211.0,0.00337929,59196.2,0.02534,59212.0,0.0335,59196.0,0.20450007,59212.7,0.112479,59195.9,0.285,59213.2,1.5e-05,59195.4,1.5e-05,59213.8,0.00033923,59195.0,0.1,59213.9,0.02010004,59194.5,0.00139035,59214.0,0.0335,59194.2,0.0422283,59214.1,0.1935,59194.0,0.0335,59214.2,0.04,2024-07-13 23:59:38.808000
50,59203.9,0.12409733,59204.0,0.12297272,59203.8,0.0375,59205.9,0.0423942,59202.1,0.02010004,59206.0,0.070657,59202.0,0.0335,59206.6,0.00230274,59201.9,0.0289,59208.0,0.0335,59200.2,0.01872005,59208.1,0.0375,59200.1,0.0312,59209.9,0.07699573,59200.0,0.0149,59210.0,0.0335,59198.0,0.0335,59210.9,0.12832616,59197.1,0.02010007,59211.0,0.00337929,59196.4,0.00041043,59212.0,0.0335,59196.3,0.0422283,59212.7,0.112479,59196.2,0.02534,59213.2,1.5e-05,59196.0,0.20450007,59213.8,0.00033923,59195.9,0.285,59213.9,0.02010004,59195.4,1.5e-05,59214.0,0.0335,59195.0,0.1,59214.1,0.1935,59194.5,0.00139035,59214.2,0.04,59194.2,0.0422283,59214.9,0.0884455,59194.0,0.0335,59215.2,0.01,2024-07-13 23:59:38.908000
51,59203.9,0.10930772,59204.0,0.12297272,59203.8,0.0375,59205.9,0.0423942,59202.1,0.02010004,59206.0,0.070657,59202.0,0.0335,59206.6,0.00230274,59201.9,0.0289,59208.0,0.0335,59200.2,0.01872005,59208.1,0.0375,59200.1,0.0312,59209.9,0.07699573,59200.0,0.0149,59210.0,0.0335,59198.0,0.0335,59210.8,0.08,59197.1,0.02010007,59210.9,0.12832616,59196.4,0.00041043,59211.0,0.00337929,59196.3,0.0422283,59212.0,0.0335,59196.2,0.02534,59212.7,0.112479,59196.0,0.20450007,59213.2,1.5e-05,59195.9,0.285,59213.8,0.00033923,59195.4,1.5e-05,59213.9,0.02010004,59195.0,0.1,59214.0,0.0335,59194.5,0.00139035,59214.1,0.1935,59194.2,0.0422283,59214.2,0.04,59194.0,0.0335,59214.9,0.08,2024-07-13 23:59:39.008000
52,59203.9,0.10930772,59204.0,0.12297272,59203.8,0.0375,59205.9,0.0423942,59202.1,0.02010004,59206.0,0.070657,59202.0,0.0335,59206.6,0.00230274,59201.9,0.0289,59208.0,0.0335,59200.2,0.01872005,59208.1,0.0375,59200.1,0.0312,59209.9,0.07699573,59200.0,0.0149,59210.0,0.0335,59198.0,0.0335,59210.8,0.08,59197.1,0.02010007,59210.9,0.12832616,59196.4,0.00041043,59211.0,0.00337929,59196.3,0.0422283,59212.0,0.0335,59196.2,0.02534,59212.7,0.112479,59196.0,0.20450007,59213.2,1.5e-05,59195.9,0.285,59213.8,0.00033923,59195.4,1.5e-05,59213.9,0.02010004,59195.0,0.1,59214.0,0.0335,59194.5,0.00139035,59214.1,0.1935,59194.2,0.0422283,59214.2,0.04,59194.0,0.0335,59214.9,0.0884455,2024-07-13 23:59:39.108000
53,59203.9,0.10930772,59204.0,0.12297272,59203.8,0.0375,59205.9,0.0423942,59202.1,0.02010004,59206.0,0.070657,59202.0,0.0335,59206.6,0.00230274,59201.9,0.0289,59208.0,0.0335,59200.2,0.01872005,59208.1,0.0375,59200.1,0.0312,59209.9,0.07699573,59200.0,0.0149,59210.0,0.0335,59198.0,0.0335,59210.8,0.08,59197.1,0.02010007,59210.9,0.12832616,59196.4,0.00041043,59211.0,0.00337929,59196.3,0.0422283,59212.0,0.0335,59196.2,0.02534,59212.7,0.112479,59196.0,0.20450007,59213.2,1.5e-05,59195.9,0.285,59213.8,0.00033923,59195.4,1.5e-05,59213.9,0.02010004,59195.0,0.1,59214.0,0.0335,59194.5,0.00139035,59214.1,0.1935,59194.2,0.0422283,59214.2,0.04,59194.0,0.0335,59214.9,0.0884455,2024-07-13 23:59:39.208000
54,59203.9,0.10930772,59204.0,0.12297272,59203.8,0.0375,59205.9,0.0423942,59202.1,0.02010004,59206.0,0.070657,59202.0,0.0335,59206.6,0.00230274,59201.9,0.0289,59208.0,0.0335,59200.2,0.01872005,59208.1,0.0375,59200.1,0.0312,59209.8,0.08,59200.0,0.0149,59209.9,0.07699573,59198.0,0.0335,59210.0,0.0335,59197.1,0.02010007,59210.8,0.08,59196.4,0.00041043,59210.9,0.12832616,59196.3,0.0422283,59211.0,0.00337929,59196.2,0.02534,59212.0,0.0335,59196.0,0.20450007,59212.7,0.112479,59195.9,0.285,59213.2,1.5e-05,59195.4,1.5e-05,59213.9,0.02010004,59195.0,0.1,59214.0,0.0335,59194.5,0.00139035,59214.1,0.1935,59194.2,0.0422283,59214.2,0.04,59194.0,0.0335,59214.9,0.0884455,2024-07-13 23:59:39.308000
55,59203.8,0.0375,59203.9,0.09121207,59202.1,0.02010004,59204.0,0.45690666,59202.0,0.0335,59205.9,0.0423942,59201.9,0.0289,59206.0,0.070657,59200.2,0.01872005,59206.6,0.00230274,59200.1,0.0312,59208.0,0.0335,59200.0,0.0149,59208.1,0.0375,59198.0,0.0335,59209.2,0.0104191,59197.4,0.01098395,59209.8,0.08,59197.1,0.02010007,59209.9,0.07699573,59196.4,0.00041043,59210.0,0.0335,59196.3,0.0422283,59210.8,0.08,59196.2,0.02534,59210.9,0.12832616,59196.0,0.20450007,59211.0,0.00337929,59195.9,0.285,59212.0,0.0335,59195.4,1.5e-05,59212.7,0.112479,59195.0,0.1,59213.2,1.5e-05,59194.5,0.00139035,59213.8,0.00030735,59194.2,0.0422283,59213.9,0.02010004,59194.0,0.0335,59214.0,0.0335,2024-07-13 23:59:39.408000
56,59203.8,0.0375,59203.9,0.432169,59202.0,0.0335,59204.0,0.356,59201.9,0.0289,59206.0,0.070657,59200.2,0.01872005,59206.6,0.00230274,59200.1,0.0312,59207.9,0.02010004,59200.0,0.0149,59208.0,0.0335,59198.0,0.0335,59208.1,0.0375,59196.4,0.03192738,59209.2,0.0104191,59196.3,0.05321225,59209.8,0.08,59196.2,0.02534,59209.9,0.07699573,59196.0,0.20450007,59210.0,0.0335,59195.9,0.285,59210.9,0.12832616,59195.4,1.5e-05,59211.0,0.00337929,59195.0,0.1,59212.0,0.0335,59194.5,0.00139035,59212.7,0.112479,59194.2,0.0422283,59213.2,1.5e-05,59194.0,0.0335,59213.8,0.00030735,59193.9,0.024,59213.9,0.02010004,59193.6,0.00025925,59214.0,0.0335,59193.5,0.0422283,59214.1,0.1935,2024-07-13 23:59:39.508000
57,59203.8,0.0375,59203.9,0.352169,59202.0,0.0335,59204.0,0.356,59201.9,0.0289,59206.0,0.070657,59200.2,0.01872005,59206.6,0.00230274,59200.1,0.0312,59207.9,0.02010004,59200.0,0.0149,59208.0,0.0335,59198.0,0.0335,59208.1,0.0375,59196.6,0.00033657,59209.1,0.08,59196.5,0.04222694,59209.2,0.0104191,59196.4,0.03192738,59209.8,0.08,59196.3,0.05321225,59209.9,0.07699573,59196.2,0.02534,59210.0,0.0335,59196.0,0.20450007,59210.9,0.12832616,59195.9,0.285,59211.0,0.00337929,59195.4,1.5e-05,59212.0,0.0335,59195.0,0.1,59212.7,0.112479,59194.5,0.00139035,59213.2,1.5e-05,59194.2,0.0422283,59213.8,0.00030735,59194.0,0.0335,59213.9,0.02010004,59193.9,0.024,59214.0,0.0335,2024-07-13 23:59:39.608000
58,59203.8,0.097,59203.9,0.17063918,59202.0,0.0335,59204.0,0.071,59201.9,0.0289,59206.0,0.070657,59200.2,0.01872005,59206.6,0.00230274,59200.1,0.0312,59207.9,0.02010004,59200.0,0.0149,59208.0,0.0335,59198.0,0.0335,59208.1,0.0375,59197.1,0.01098395,59209.1,0.08,59196.6,0.00033657,59209.2,0.0104191,59196.5,0.04222694,59209.8,0.08,59196.4,0.03192738,59209.9,0.07699573,59196.3,0.0422283,59210.0,0.0335,59196.2,0.02534,59210.9,0.12832616,59196.0,0.20450007,59211.0,0.00337929,59195.9,0.285,59212.0,0.0335,59195.4,1.5e-05,59212.7,0.112479,59195.0,0.1,59213.2,1.5e-05,59194.5,0.00139035,59213.8,0.00030735,59194.2,0.0422283,59213.9,0.02010004,59194.0,0.0335,59214.0,0.0335,2024-07-13 23:59:39.708000
59,59203.8,0.097,59203.9,0.17063918,59202.1,0.02010003,59204.0,0.071,59202.0,0.0335,59206.0,0.070657,59201.9,0.0289,59206.6,0.00230274,59200.2,0.01872005,59207.9,0.02010004,59200.1,0.0312,59208.0,0.0335,59200.0,0.0149,59208.1,0.0375,59198.0,0.0335,59209.1,0.08,59197.1,0.01098395,59209.2,0.0104191,59196.6,0.00033657,59209.8,0.08,59196.5,0.04222694,59209.9,0.07699573,59196.4,0.03192738,59210.0,0.0335,59196.3,0.0422283,59210.9,0.12832616,59196.2,0.02534,59211.0,0.00337929,59196.0,0.20450007,59212.0,0.0335,59195.9,0.285,59212.7,0.112479,59195.4,1.5e-05,59213.2,1.5e-05,59195.0,0.1,59213.8,0.00030735,59194.5,0.00139035,59213.9,0.02010004,59194.2,0.0422283,59214.0,0.0335,2024-07-13 23:59:39.808000
60,59203.8,0.097,59203.9,0.17063918,59202.1,0.02010003,59204.0,0.071,59202.0,0.0335,59206.0,0.070657,59201.9,0.0289,59206.6,0.00230274,59200.2,0.01872005,59207.9,0.02010004,59200.1,0.0312,59208.0,0.0335,59200.0,0.0149,59208.1,0.0375,59198.0,0.0335,59209.1,0.08,59197.1,0.01098395,59209.2,0.0104191,59196.6,0.00033657,59209.8,0.08,59196.5,0.04222694,59209.9,0.07699573,59196.4,0.03192738,59210.0,0.0335,59196.3,0.0422283,59210.9,0.12832616,59196.2,0.02534,59211.0,0.00337929,59196.0,0.20450007,59212.0,0.0335,59195.9,0.285,59212.7,0.112479,59195.4,1.5e-05,59213.2,1.5e-05,59195.0,0.1,59213.8,0.00030735,59194.5,0.00139035,59213.9,0.02010004,59194.2,0.0422283,59214.0,0.0335,2024-07-13 23:59:39.908000
61,59203.8,0.097,59203.9,0.17063918,59202.1,0.02010003,59204.0,0.071,59202.0,0.0335,59206.0,0.070657,59201.9,0.0289,59206.6,0.00230274,59200.2,0.01872005,59207.9,0.02010004,59200.1,0.0312,59208.0,0.0335,59200.0,0.0149,59208.1,0.0375,59198.0,0.0335,59209.1,0.08,59197.1,0.01098395,59209.2,0.0104191,59196.6,0.00033657,59209.8,0.08,59196.5,0.04222694,59209.9,0.07699573,59196.4,0.03192738,59210.0,0.0335,59196.3,0.0422283,59210.9,0.12832616,59196.2,0.02534,59211.0,0.00337929,59196.0,0.20450007,59212.0,0.0335,59195.9,0.285,59212.7,0.112479,59195.4,1.5e-05,59213.2,1.5e-05,59195.0,0.1,59213.8,0.00030735,59194.5,0.00139035,59213.9,0.02010004,59194.2,0.0422283,59214.0,0.0335,2024-07-13 23:59:40.008000
62,59203.8,0.097,59203.9,0.45563918,59202.1,0.02010003,59204.0,0.071,59202.0,0.0335,59206.0,0.070657,59201.9,0.0289,59206.6,0.00230274,59200.2,0.01872005,59207.9,0.02010004,59200.1,0.0312,59208.0,0.0335,59200.0,0.0149,59208.1,0.0375,59198.0,0.0335,59209.1,0.08,59196.6,0.00033657,59209.2,0.0104191,59196.5,0.04222694,59209.8,0.08,59196.4,0.04291133,59209.9,0.07699573,59196.3,0.0422283,59210.0,0.0335,59196.2,0.02534,59210.9,0.12832616,59196.0,0.20450007,59211.0,0.00337929,59195.9,0.285,59212.0,0.0335,59195.4,1.5e-05,59212.7,0.112479,59195.0,0.1,59213.2,1.5e-05,59194.5,0.00139035,59213.8,0.00030735,59194.2,0.0422283,59213.9,0.02010004,59194.0,0.0335,59214.0,0.0335,2024-07-13 23:59:40.108000
63,59203.8,0.097,59203.9,0.45563918,59202.1,0.02010003,59204.0,0.071,59202.0,0.0335,59206.0,0.070657,59201.9,0.0289,59206.6,0.00230274,59200.2,0.01872005,59207.9,0.02010004,59200.1,0.0312,59208.0,0.0335,59200.0,0.0149,59208.1,0.0375,59198.0,0.0335,59209.1,0.08,59196.6,0.00033657,59209.2,0.0104191,59196.5,0.04222694,59209.8,0.08,59196.4,0.04291133,59209.9,0.07699573,59196.3,0.0422283,59210.0,0.0335,59196.2,0.02534,59210.9,0.12832616,59196.0,0.20450007,59211.0,0.00337929,59195.9,0.285,59212.0,0.0335,59195.4,1.5e-05,59212.7,0.112479,59195.0,0.1,59213.2,1.5e-05,59194.5,0.00139035,59213.8,0.00030735,59194.2,0.0422283,59213.9,0.02010004,59194.0,0.0335,59214.0,0.0335,2024-07-13 23:59:40.208000
64,59203.8,0.0375,59203.9,0.45563918,59202.1,0.02010003,59204.0,0.071,59202.0,0.0335,59206.0,0.070657,59201.9,0.0289,59206.6,0.00230274,59200.2,0.01872005,59207.9,0.02010004,59200.1,0.0312,59208.0,0.0335,59200.0,0.0149,59208.1,0.0375,59198.0,0.0335,59209.1,0.08,59196.6,0.00033657,59209.2,0.0104191,59196.5,0.04222694,59209.8,0.08,59196.4,0.04291133,59209.9,0.07699573,59196.3,0.0422283,59210.0,0.0335,59196.2,0.02534,59210.9,0.12832616,59196.0,0.20450007,59211.0,0.00337929,59195.9,0.285,59212.0,0.0335,59195.4,1.5e-05,59212.7,0.112479,59195.0,0.1,59213.2,1.5e-05,59194.5,0.00139035,59213.8,0.00030735,59194.2,0.0422283,59213.9,0.02010004,59194.0,0.0335,59214.0,0.0335,2024-07-13 23:59:40.308000
65,59203.8,0.0375,59203.9,0.45563918,59202.1,0.02010003,59204.0,0.071,59202.0,0.0335,59206.0,0.070657,59201.9,0.0289,59206.6,0.00230274,59200.2,0.01872005,59207.9,0.02010004,59200.1,0.0312,59208.0,0.0335,59200.0,0.0149,59208.1,0.0375,59198.0,0.0335,59209.1,0.08,59196.6,0.00033657,59209.2,0.0104191,59196.5,0.04222694,59209.8,0.08,59196.4,0.04291133,59209.9,0.07699573,59196.3,0.0422283,59210.0,0.0335,59196.2,0.02534,59210.9,0.12832616,59196.0,0.20450007,59211.0,0.00337929,59195.9,0.285,59212.0,0.0335,59195.4,1.5e-05,59212.7,0.112479,59195.0,0.1,59213.2,1.5e-05,59194.5,0.00139035,59213.8,0.00030735,59194.2,0.0422283,59213.9,0.02010004,59194.0,0.0335,59214.0,0.0335,2024-07-13 23:59:40.408000
66,59203.8,0.0375,59203.9,0.45563918,59202.1,0.02010003,59204.0,0.071,59202.0,0.0335,59206.0,0.070657,59201.9,0.0289,59206.6,0.00230274,59200.2,0.01872005,59207.9,0.02010004,59200.1,0.0312,59208.0,0.0335,59200.0,0.0149,59208.1,0.0375,59198.0,0.0335,59209.1,0.08,59196.6,0.00033657,59209.2,0.0104191,59196.5,0.04222694,59209.8,0.08,59196.4,0.04291133,59209.9,0.07699573,59196.3,0.0422283,59210.0,0.0335,59196.2,0.02534,59210.9,0.12832616,59196.0,0.20450007,59211.0,0.00337929,59195.9,0.285,59212.0,0.0335,59195.4,1.5e-05,59212.7,0.112479,59195.0,0.1,59213.2,1.5e-05,59194.5,0.00139035,59213.8,0.00030735,59194.2,0.0422283,59213.9,0.02010004,59194.0,0.0335,59214.0,0.0335,2024-07-13 23:59:40.508000
67,59203.8,0.0375,59203.9,0.45563918,59202.1,0.02010003,59204.0,0.071,59202.0,0.0335,59206.0,0.070657,59201.9,0.0289,59206.6,0.00230274,59200.2,0.01872005,59207.9,0.02010004,59200.1,0.0312,59208.0,0.0335,59200.0,0.0149,59208.1,0.0375,59198.0,0.0335,59209.1,0.08,59196.6,0.00033657,59209.2,0.0104191,59196.5,0.04222694,59209.8,0.08,59196.4,0.04291133,59209.9,0.07699573,59196.3,0.0422283,59210.0,0.0335,59196.2,0.02534,59210.9,0.12832616,59196.0,0.20450007,59211.0,0.00337929,59195.9,0.285,59212.0,0.0335,59195.4,1.5e-05,59212.7,0.112479,59195.0,0.1,59213.2,1.5e-05,59194.5,0.00139035,59213.8,0.00030735,59194.2,0.0422283,59213.9,0.02010004,59194.0,0.0335,59214.0,0.0335,2024-07-13 23:59:40.608000
68,59203.8,0.0375,59203.9,0.17063918,59202.1,0.02010003,59204.0,0.071,59202.0,0.0335,59206.0,0.070657,59201.9,0.0289,59206.6,0.00230274,59200.2,0.01872005,59207.9,0.02010004,59200.1,0.0312,59208.0,0.0335,59200.0,0.0149,59208.1,0.0375,59198.0,0.0335,59209.1,0.08,59197.0,0.011704,59209.2,0.0104191,59196.6,0.00033657,59209.8,0.08,59196.5,0.04222694,59209.9,0.07699573,59196.4,0.03192738,59210.0,0.0335,59196.3,0.0422283,59210.9,0.12832616,59196.2,0.02534,59211.0,0.00337929,59196.0,0.20450007,59212.0,0.0335,59195.9,0.285,59212.7,0.112479,59195.4,1.5e-05,59213.2,1.5e-05,59195.0,0.1,59213.8,0.00030735,59194.5,0.00139035,59213.9,0.02010004,59194.2,0.0422283,59214.0,0.0335,2024-07-13 23:59:40.708000
69,59203.8,0.0375,59203.9,0.17063918,59202.1,0.02010003,59204.0,0.071,59202.0,0.0335,59206.0,0.070657,59201.9,0.0289,59206.6,0.00230274,59200.2,0.01872005,59207.9,0.02010004,59200.1,0.0312,59208.0,0.0335,59200.0,0.0149,59208.1,0.0375,59198.0,0.0335,59209.1,0.08,59197.0,0.011704,59209.2,0.0104191,59196.6,0.00033657,59209.8,0.08,59196.5,0.04222694,59209.9,0.07699573,59196.4,0.03192738,59210.0,0.0335,59196.3,0.0422283,59210.9,0.12832616,59196.2,0.02534,59211.0,0.00337929,59196.0,0.20450007,59212.0,0.0335,59195.9,0.285,59212.7,0.112479,59195.4,1.5e-05,59213.2,1.5e-05,59195.0,0.1,59213.8,0.00030735,59194.5,0.00139035,59213.9,0.02010004,59194.2,0.0422283,59214.0,0.0335,2024-07-13 23:59:40.808000
70,59203.8,0.0375,59203.9,0.17063918,59202.1,0.02010003,59204.0,0.071,59202.0,0.0335,59206.0,0.070657,59201.9,0.0289,59206.6,0.00230274,59200.2,0.01872005,59207.9,0.02010004,59200.1,0.0312,59208.0,0.0335,59200.0,0.0149,59208.1,0.0375,59198.0,0.0335,59209.1,0.08,59197.0,0.011704,59209.2,0.0104191,59196.6,0.00033657,59209.8,0.08,59196.5,0.04222694,59209.9,0.07699573,59196.4,0.03192738,59210.0,0.0335,59196.3,0.0422283,59210.9,0.12832616,59196.2,0.02534,59211.0,0.00337929,59196.0,0.20450007,59212.0,0.0335,59195.9,0.285,59212.7,0.112479,59195.4,1.5e-05,59213.2,1.5e-05,59195.0,0.1,59213.8,0.00030735,59194.5,0.00139035,59213.9,0.02010004,59194.2,0.0422283,59214.0,0.0335,2024-07-13 23:59:40.908000
71,59203.8,0.0375,59203.9,0.17063918,59202.1,0.02010003,59204.0,0.071,59202.0,0.0335,59206.0,0.070657,59201.9,0.0289,59206.6,0.00230274,59200.2,0.01872005,59207.9,0.02010004,59200.1,0.0312,59208.0,0.0335,59200.0,0.0149,59208.1,0.0375,59198.0,0.0335,59209.1,0.08,59197.0,0.011704,59209.2,0.0104191,59196.6,0.00033657,59209.8,0.08,59196.5,0.04222694,59209.9,0.07699573,59196.4,0.03192738,59210.0,0.0335,59196.3,0.0422283,59210.9,0.12832616,59196.2,0.02534,59211.0,0.00337929,59196.0,0.20450007,59212.0,0.0335,59195.9,0.285,59212.7,0.112479,59195.4,1.5e-05,59213.2,1.5e-05,59195.0,0.1,59213.8,0.00030735,59194.5,0.00139035,59213.9,0.02010004,59194.2,0.0422283,59214.0,0.0335,2024-07-13 23:59:41.008000
72,59203.8,0.0375,59203.9,0.17063918,59202.1,0.02010003,59204.0,0.071,59202.0,0.0335,59206.0,0.070657,59201.9,0.0289,59206.6,0.00230274,59200.2,0.01872005,59207.9,0.02010004,59200.1,0.0312,59208.0,0.0335,59200.0,0.0149,59208.1,0.0375,59198.0,0.0335,59209.1,0.08,59197.0,0.011704,59209.2,0.0104191,59196.6,0.00033657,59209.8,0.08,59196.5,0.04222694,59209.9,0.07699573,59196.4,0.03192738,59210.0,0.0335,59196.3,0.0422283,59210.9,0.12832616,59196.2,0.02534,59211.0,0.00337929,59196.0,0.20450007,59212.0,0.0335,59195.9,0.285,59212.7,0.112479,59195.4,1.5e-05,59213.2,1.5e-05,59195.0,0.1,59213.8,0.00030735,59194.5,0.00139035,59213.9,0.02010004,59194.2,0.0422283,59214.0,0.0335,2024-07-13 23:59:41.108000
73,59203.8,0.0375,59203.9,0.17063918,59202.1,0.02010003,59204.0,0.071,59202.0,0.0335,59206.0,0.070657,59201.9,0.0289,59206.6,0.00230274,59200.2,0.01872005,59207.9,0.02010004,59200.1,0.0312,59208.0,0.0335,59200.0,0.0149,59208.1,0.0375,59198.0,0.0335,59209.2,0.0104191,59197.0,0.011704,59209.9,0.07699573,59196.6,0.00033657,59210.0,0.0335,59196.5,0.04222694,59210.9,0.12832616,59196.4,0.03192738,59211.0,0.00337929,59196.3,0.0422283,59212.0,0.0335,59196.2,0.02534,59212.7,0.112479,59196.0,0.20450007,59213.2,1.5e-05,59195.9,0.285,59213.8,0.00030735,59195.4,1.5e-05,59213.9,0.02010004,59195.0,0.1,59214.0,0.0335,59194.5,0.00139035,59214.1,0.1935,59194.2,0.0422283,59214.2,0.04,2024-07-13 23:59:41.208000
74,59203.8,0.0375,59203.9,0.17063918,59202.1,0.02010003,59204.0,0.071,59202.0,0.0335,59206.0,0.070657,59201.9,0.0289,59206.6,0.00230274,59200.2,0.01872005,59207.9,0.02010004,59200.1,0.0312,59208.0,0.0335,59200.0,0.0149,59208.1,0.0375,59198.0,0.0335,59209.2,0.0104191,59197.0,0.011704,59209.8,0.08,59196.6,0.00033657,59209.9,0.07699573,59196.5,0.04222694,59210.0,0.0335,59196.4,0.03192738,59210.8,0.04222694,59196.3,0.0422283,59210.9,0.12832616,59196.2,0.02534,59211.0,0.00337929,59196.0,0.20450007,59212.0,0.0335,59195.9,0.285,59212.7,0.112479,59195.4,1.5e-05,59213.2,1.5e-05,59195.0,0.1,59213.8,0.00030735,59194.5,0.00139035,59213.9,0.02010004,59194.2,0.0422283,59214.0,0.0335,2024-07-13 23:59:41.308000
75,59203.8,0.097,59203.9,0.17063918,59202.1,0.02010003,59204.0,0.071,59202.0,0.0335,59206.0,0.070657,59201.9,0.0289,59206.6,0.00230274,59200.2,0.01872005,59207.9,0.02010004,59200.1,0.0312,59208.0,0.0335,59200.0,0.0149,59208.1,0.0375,59198.0,0.0335,59209.2,0.0104191,59197.0,0.011704,59209.8,0.08,59196.6,0.00033657,59209.9,0.07699573,59196.5,0.04222694,59210.0,0.0335,59196.4,0.03192738,59210.8,0.04222694,59196.3,0.0422283,59210.9,0.12832616,59196.2,0.02534,59211.0,0.00337929,59196.0,0.20450007,59212.0,0.0335,59195.9,0.285,59212.7,0.112479,59195.4,1.5e-05,59213.2,1.5e-05,59195.0,0.1,59213.8,0.00030735,59194.5,0.00139035,59213.9,0.02010004,59194.2,0.0422283,59214.0,0.0335,2024-07-13 23:59:41.408000
76,59203.8,0.097,59203.9,0.1541602,59202.1,0.02010003,59204.0,0.071,59202.0,0.0335,59206.0,0.070657,59201.9,0.0289,59206.6,0.00230274,59200.2,0.01872005,59207.9,0.02010004,59200.1,0.0312,59208.0,0.0335,59200.0,0.0149,59208.1,0.0375,59198.0,0.0335,59209.2,0.0104191,59197.0,0.011704,59209.8,0.08,59196.6,0.00033657,59209.9,0.07699573,59196.5,0.04222694,59210.0,0.0335,59196.4,0.03192738,59210.8,0.04222694,59196.3,0.0422283,59210.9,0.12832616,59196.2,0.02534,59211.0,0.00337929,59196.0,0.20450007,59212.0,0.0335,59195.9,0.285,59212.7,0.112479,59195.4,1.5e-05,59213.2,1.5e-05,59195.0,0.1,59213.9,0.02010004,59194.5,0.00139035,59214.0,0.0335,59194.2,0.0422283,59214.1,0.1935,2024-07-13 23:59:41.508000
77,59203.8,0.097,59203.9,0.4391602,59202.1,0.02010003,59204.0,0.071,59202.0,0.0335,59206.0,0.070657,59201.9,0.0289,59206.6,0.00230274,59200.2,0.01872005,59207.9,0.02010004,59200.1,0.0312,59208.0,0.0335,59200.0,0.0149,59208.1,0.0375,59198.0,0.0335,59209.2,0.0104191,59197.0,0.011704,59209.8,0.08,59196.6,0.00033657,59209.9,0.07699573,59196.5,0.04222694,59210.0,0.0335,59196.4,0.03192738,59210.8,0.04222694,59196.3,0.0422283,59210.9,0.12832616,59196.2,0.02534,59211.0,0.00337929,59196.0,0.20450007,59212.0,0.0335,59195.9,0.285,59212.7,0.112479,59195.4,1.5e-05,59213.2,1.5e-05,59195.0,0.1,59213.8,0.00017137,59194.5,0.00139035,59213.9,0.02010004,59194.2,0.0422283,59214.0,0.0335,2024-07-13 23:59:41.608000
78,59203.8,0.0375,59203.9,0.4558854,59202.1,0.02010003,59204.0,0.071,59202.0,0.0335,59206.0,0.070657,59201.9,0.0289,59206.6,0.00230274,59200.2,0.01872005,59207.9,0.02010004,59200.1,0.0312,59208.0,0.0335,59200.0,0.0149,59208.1,0.0375,59198.0,0.0335,59209.2,0.0104191,59197.0,0.011704,59209.8,0.08,59196.6,0.00033657,59209.9,0.07699573,59196.5,0.04222694,59210.0,0.0335,59196.4,0.03192738,59210.8,0.04222694,59196.3,0.0422283,59210.9,0.12832616,59196.2,0.02534,59211.0,0.00337929,59196.0,0.20450007,59212.0,0.0335,59195.9,0.285,59212.7,0.112479,59195.4,1.5e-05,59213.2,1.5e-05,59195.0,0.1,59213.8,0.00017137,59194.5,0.00139035,59213.9,0.02010004,59194.2,0.0422283,59214.0,0.0335,2024-07-13 23:59:41.708000
79,59203.8,0.0375,59203.9,0.4558854,59202.1,0.02010003,59204.0,0.071,59202.0,0.0335,59206.0,0.070657,59201.9,0.0289,59206.6,0.00230274,59200.2,0.01872005,59207.9,0.02010004,59200.1,0.0312,59208.0,0.0335,59200.0,0.0149,59208.1,0.0375,59198.0,0.0335,59209.2,0.0104191,59197.0,0.011704,59209.8,0.08,59196.6,0.00033657,59209.9,0.07699573,59196.5,0.04222694,59210.0,0.0335,59196.4,0.03192738,59210.8,0.04222694,59196.3,0.0422283,59210.9,0.12832616,59196.2,0.02534,59211.0,0.00337929,59196.0,0.20450007,59212.0,0.0335,59195.9,0.285,59212.7,0.112479,59195.4,1.5e-05,59213.2,1.5e-05,59195.0,0.1,59213.8,0.00017137,59194.5,0.00139035,59213.9,0.02010004,59194.2,0.0422283,59214.0,0.0335,2024-07-13 23:59:41.808000
80,59203.8,0.0375,59203.9,0.4558854,59202.1,0.02010003,59204.0,0.071,59202.0,0.0335,59206.0,0.070657,59201.9,0.0289,59206.6,0.00230274,59200.2,0.01872005,59207.9,0.02010004,59200.1,0.0312,59208.0,0.0335,59200.0,0.0149,59208.1,0.0375,59198.0,0.0335,59209.2,0.0104191,59197.0,0.011704,59209.8,0.08,59196.6,0.00033657,59209.9,0.07699573,59196.5,0.04222694,59210.0,0.0335,59196.4,0.03192738,59210.8,0.04222694,59196.3,0.0422283,59210.9,0.12832616,59196.2,0.02534,59211.0,0.00337929,59196.0,0.20450007,59212.0,0.0335,59195.9,0.285,59212.7,0.112479,59195.4,1.5e-05,59213.2,1.5e-05,59195.0,0.1,59213.8,0.00017137,59194.5,0.00139035,59213.9,0.02010004,59194.2,0.0422283,59214.0,0.0335,2024-07-13 23:59:41.908000
81,59203.8,0.0375,59203.9,0.4558854,59202.1,0.02010003,59204.0,0.071,59202.0,0.0335,59206.0,0.070657,59201.9,0.0289,59206.6,0.00230274,59200.2,0.01872005,59207.9,0.02010004,59200.1,0.0312,59208.0,0.0335,59200.0,0.0149,59208.1,0.0375,59198.0,0.0335,59209.2,0.0104191,59196.5,0.04222694,59209.8,0.08,59196.4,0.03192738,59209.9,0.07699573,59196.3,0.0422283,59210.0,0.0335,59196.2,0.037044,59210.8,0.04222694,59196.0,0.0335,59210.9,0.12832616,59195.4,1.5e-05,59211.0,0.00337929,59195.0,0.1,59212.0,0.0335,59194.5,0.00139035,59212.7,0.112479,59194.3,0.0711494,59213.2,1.5e-05,59194.2,0.0422283,59213.8,0.00017137,59194.0,0.0335,59213.9,0.02010004,59193.9,0.024,59214.0,0.0335,2024-07-13 23:59:42.008000
82,59202.0,0.0335,59202.1,0.053,59201.9,0.0289,59203.9,0.4408854,59200.2,0.01872005,59204.0,0.071,59200.1,0.0312,59206.0,0.070657,59200.0,0.0149,59206.6,0.00230274,59198.0,0.0335,59207.9,0.02010004,59196.5,0.04222694,59208.0,0.0335,59196.4,0.03192738,59208.1,0.0375,59196.3,0.0422283,59209.2,0.0104191,59196.2,0.037044,59209.8,0.08,59196.0,0.0335,59209.9,0.07699573,59195.4,1.5e-05,59210.0,0.0335,59195.0,0.1,59210.8,0.04222694,59194.5,0.00139035,59210.9,0.12832616,59194.4,0.00028595,59211.0,0.00337929,59194.3,0.07093474,59212.0,0.0335,59194.2,0.0422283,59212.7,0.112479,59194.0,0.0335,59213.2,1.5e-05,59193.9,0.024,59213.8,0.00017137,59193.5,0.0422283,59213.9,0.02010004,2024-07-13 23:59:42.108000
83,59200.1,0.0687,59200.2,0.23164861,59200.0,0.0149,59201.8,0.1880282,59198.0,0.0335,59202.0,0.1495,59196.3,0.03530403,59203.9,0.285,59196.1,0.02534,59204.0,0.071,59196.0,0.0335,59206.0,0.070657,59195.4,1.5e-05,59206.6,0.00230274,59195.0,0.1,59207.4,0.01118242,59194.6,0.011704,59207.9,0.02010004,59194.5,0.00139035,59208.0,0.0335,59194.3,0.07093474,59208.1,0.0375,59194.0,0.0335,59209.9,0.07699573,59193.9,0.024,59210.0,0.0335,59193.4,0.113187,59210.9,0.12832616,59193.3,0.11822453,59211.0,0.00337929,59192.4,0.05432913,59212.0,0.0335,59192.1,0.00020447,59212.6,0.00047341,59192.0,0.16617801,59212.7,0.112479,59191.9,0.22113,59213.2,1.5e-05,59191.8,0.175656,59213.8,0.00017137,2024-07-13 23:59:42.208000
84,59200.1,0.0687,59200.2,0.29920819,59198.0,0.0335,59201.4,0.05117031,59196.1,0.02534,59201.8,0.08970008,59196.0,0.0335,59202.0,0.1495,59195.1,0.07923947,59203.8,0.1289579,59195.0,0.1,59203.9,0.33617031,59194.5,0.00139035,59204.0,0.071,59194.0,0.0335,59205.5,0.01118242,59193.9,0.024,59205.9,0.04239429,59192.4,0.05432913,59206.0,0.070657,59192.1,0.00020447,59206.6,0.00230274,59192.0,0.17788201,59207.2,1.501e-05,59191.9,0.22113,59208.0,0.05600004,59191.4,0.06,59208.1,0.0375,59191.2,0.0069144,59210.0,0.0335,59190.0,0.0335,59210.9,0.01013655,59189.4,1.501e-05,59211.0,0.00337929,59189.3,0.112479,59211.7,0.30716102,59188.6,0.159,59211.8,0.5119349,59188.5,0.285,59212.0,0.0335,2024-07-13 23:59:42.308000
85,59200.1,0.0687,59200.2,0.2061749,59198.0,0.0335,59201.0,0.11820939,59196.2,0.02083422,59201.8,0.08970008,59196.1,0.02534,59202.0,0.1495,59196.0,0.0335,59203.8,0.1289579,59195.1,0.07923947,59203.9,0.33617031,59195.0,0.1,59204.0,0.071,59194.5,0.00139035,59205.5,0.01118242,59194.0,0.0335,59205.9,0.04239429,59192.6,0.011704,59206.0,0.070657,59192.5,0.04222958,59206.6,0.00230274,59192.4,0.05432913,59207.2,1.501e-05,59192.0,0.16617801,59208.0,0.05600004,59191.9,0.22113,59208.1,0.0375,59191.8,0.1689,59209.7,0.05540139,59191.4,0.06,59210.0,0.0335,59190.1,0.0069144,59210.9,0.01013655,59190.0,0.0335,59211.0,0.00337929,59189.4,0.00025384,59211.6,0.00032373,59189.3,0.112479,59211.7,0.0850805,2024-07-13 23:59:42.408000
86,59200.1,0.03383203,59200.2,0.2061749,59198.0,0.0335,59200.9,0.04170003,59196.3,0.03530401,59201.0,0.11820939,59196.2,0.02534,59202.0,0.0695,59196.0,0.0335,59203.8,0.18558247,59195.1,0.07923947,59203.9,0.33617031,59195.0,0.1,59204.0,0.071,59194.5,0.00139035,59205.5,0.01118242,59194.0,0.0335,59205.9,0.04239429,59193.3,0.011704,59206.0,0.070657,59192.5,0.04222958,59206.6,0.00230274,59192.4,0.05432913,59207.2,1.501e-05,59192.1,0.00030246,59208.0,0.05600004,59192.0,0.16617801,59208.1,0.0375,59191.9,0.22113,59209.7,0.05540139,59191.8,0.1689,59210.0,0.0335,59191.4,0.06,59210.9,0.01013655,59190.1,0.0309144,59211.0,0.00337929,59190.0,0.0335,59211.6,0.00032373,59189.4,1.501e-05,59211.7,0.0850805,2024-07-13 23:59:42.508000
87,59200.1,0.03383203,59200.2,0.15164861,59198.0,0.0335,59200.9,0.10741317,59196.3,0.03530401,59201.0,0.11820939,59196.2,0.02534,59202.0,0.0695,59196.0,0.0335,59203.8,0.18558247,59195.1,0.07923947,59203.9,0.33617031,59195.0,0.1,59204.0,0.071,59194.5,0.00139035,59205.5,0.01118242,59194.0,0.0335,59205.9,0.04239429,59193.3,0.011704,59206.0,0.070657,59192.5,0.04222958,59206.6,0.00230274,59192.4,0.05432913,59207.2,1.501e-05,59192.1,0.0001896,59208.0,0.05600004,59192.0,0.16617801,59208.1,0.0375,59191.9,0.22113,59209.7,0.05540139,59191.8,0.1689,59210.0,0.0335,59191.4,0.06,59210.9,0.01013655,59190.1,0.0309144,59211.0,0.00337929,59190.0,0.0335,59211.5,0.00051405,59189.4,1.501e-05,59211.6,0.04222958,2024-07-13 23:59:42.608000
88,59200.1,0.03383203,59200.2,0.20556025,59198.0,0.0335,59200.9,0.04170003,59196.3,0.03530401,59201.0,0.11820939,59196.2,0.02534,59202.0,0.0695,59196.0,0.0335,59203.7,0.08,59195.1,0.07923947,59203.8,0.18558247,59195.0,0.1,59203.9,0.33617031,59194.5,0.00139035,59204.0,0.071,59194.0,0.0335,59205.5,0.01118242,59193.3,0.011704,59205.9,0.04239429,59192.5,0.04222958,59206.0,0.070657,59192.4,0.05432913,59206.6,0.00230274,59192.1,0.0001896,59207.2,1.501e-05,59192.0,0.16617801,59208.0,0.05600004,59191.9,0.22113,59208.1,0.0375,59191.8,0.1689,59209.7,0.05540139,59191.4,0.06,59210.0,0.0335,59190.1,0.0309144,59210.9,0.01013655,59190.0,0.0335,59211.0,0.00337929,59189.4,1.501e-05,59211.5,0.00051405,2024-07-13 23:59:42.708000
89,59200.1,0.03383203,59200.2,0.20556025,59198.0,0.0335,59200.9,0.04170003,59196.3,0.03530401,59201.0,0.11820939,59196.2,0.02534,59202.0,0.0695,59196.0,0.0335,59203.7,0.08,59195.1,0.07923947,59203.8,0.18558247,59195.0,0.1,59203.9,0.33617031,59194.5,0.00139035,59204.0,0.071,59194.0,0.0335,59205.5,0.01118242,59193.3,0.011704,59205.9,0.04239429,59192.5,0.04222958,59206.0,0.070657,59192.4,0.05432913,59206.6,0.00230274,59192.0,0.16617801,59207.2,1.501e-05,59191.9,0.22113,59208.0,0.05600004,59191.8,0.1689,59208.1,0.0375,59191.4,0.06,59209.7,0.05540139,59190.1,0.0309144,59210.0,0.0335,59190.0,0.0335,59210.9,0.01013655,59189.4,0.00035948,59211.0,0.00337929,59189.3,0.112479,59211.5,0.00051405,2024-07-13 23:59:42.808000
90,59198.0,0.0335,59198.1,0.25115903,59196.3,0.03530401,59200.2,0.20556025,59196.2,0.02534,59200.9,0.04170003,59196.0,0.0335,59201.0,0.11820939,59195.1,0.07923947,59202.0,0.0695,59195.0,0.1,59203.7,0.08,59194.5,0.00139035,59203.8,0.18558247,59194.0,0.0335,59203.9,0.33617031,59193.3,0.011704,59204.0,0.071,59192.4,0.05432913,59205.5,0.01118242,59192.0,0.16617801,59205.9,0.04239429,59191.9,0.22113,59206.0,0.070657,59190.1,0.0309144,59206.6,0.00230274,59190.0,0.0335,59207.2,1.501e-05,59189.4,0.00035948,59208.0,0.05600004,59189.3,0.112479,59208.1,0.0375,59188.6,0.25335318,59209.7,0.05540139,59188.5,0.285,59210.0,0.0335,59188.0,0.2024,59210.9,0.01013655,59187.0,0.14180084,59211.0,0.00337929,2024-07-13 23:59:42.908000
91,59198.0,0.1181,59198.1,0.1912612,59196.3,0.02010003,59200.0,0.0335,59196.0,0.0335,59200.2,0.0375,59195.0,0.1,59200.9,0.0417,59194.5,0.00139035,59201.0,0.11820939,59194.0,0.0335,59202.0,0.0695,59192.1,0.04223108,59202.6,0.00143991,59192.0,0.16617801,59203.7,0.08,59191.9,0.24647,59203.8,0.18558247,59190.1,0.0309144,59203.9,0.285,59190.0,0.0335,59204.0,0.071,59189.4,1.501e-05,59205.9,0.04239429,59189.3,0.112479,59206.0,0.070657,59188.7,0.0001751,59206.6,0.00230274,59188.6,0.159,59207.2,1.501e-05,59188.5,0.285,59208.0,0.07868756,59188.0,0.0335,59208.1,0.0375,59187.7,0.09262705,59208.9,0.08,59187.6,0.02,59209.6,0.00039669,59187.5,0.1689,59209.7,0.10607539,2024-07-13 23:59:43.008000
92,59198.0,0.1181,59198.1,0.1912612,59196.3,0.02010003,59200.0,0.0335,59196.0,0.0335,59200.2,0.0375,59195.0,0.1,59200.9,0.0417,59194.5,0.00139035,59201.0,0.11820939,59194.0,0.0335,59202.0,0.0695,59192.1,0.04223108,59202.6,0.00143991,59192.0,0.16617801,59203.7,0.08,59191.9,0.24647,59203.8,0.18558247,59190.1,0.0309144,59203.9,0.285,59190.0,0.0335,59204.0,0.071,59189.4,1.501e-05,59205.9,0.04239429,59189.3,0.112479,59206.0,0.070657,59188.7,0.0001751,59206.6,0.00230274,59188.6,0.159,59207.2,1.501e-05,59188.5,0.285,59208.0,0.07868756,59188.0,0.0335,59208.1,0.0375,59187.7,0.09262705,59208.9,0.08,59187.6,0.02,59209.6,0.00039669,59187.5,0.1689,59209.7,0.10607539,2024-07-13 23:59:43.108000
93,59198.0,0.1181,59198.1,0.1912612,59196.3,0.02010003,59200.0,0.0335,59196.0,0.0335,59200.2,0.0375,59195.0,0.1,59200.9,0.0417,59194.5,0.00139035,59201.0,0.11820939,59194.0,0.0335,59202.0,0.0695,59192.1,0.04223108,59202.6,0.00143991,59192.0,0.16617801,59203.7,0.08,59191.9,0.24647,59203.8,0.26558247,59190.1,0.0309144,59203.9,0.285,59190.0,0.0335,59204.0,0.071,59189.4,1.501e-05,59205.9,0.04239429,59189.3,0.112479,59206.0,0.070657,59188.7,0.0001751,59206.6,0.00230274,59188.6,0.159,59207.2,1.501e-05,59188.5,0.285,59208.0,0.07868756,59188.0,0.0335,59208.1,0.0375,59187.7,0.09262705,59208.9,0.08,59187.6,0.02,59209.6,0.00039669,59187.5,0.1689,59209.7,0.10607539,2024-07-13 23:59:43.208000
94,59198.0,0.1181,59198.1,0.1912612,59196.3,0.02010003,59200.0,0.0335,59196.0,0.0335,59200.2,0.0375,59195.0,0.1,59200.9,0.06571316,59194.5,0.00139035,59201.0,0.11820939,59194.0,0.0335,59202.0,0.0695,59192.1,0.04223108,59202.6,0.00143991,59192.0,0.16617801,59203.7,0.08,59191.9,0.24647,59203.8,0.18558247,59190.1,0.0309144,59203.9,0.285,59190.0,0.0335,59204.0,0.071,59189.4,1.501e-05,59205.9,0.04239429,59189.3,0.112479,59206.0,0.070657,59188.7,0.0001751,59206.6,0.00230274,59188.6,0.159,59207.2,1.501e-05,59188.5,0.285,59208.0,0.07868756,59188.0,0.0335,59208.1,0.0375,59187.8,0.008,59208.9,0.08,59187.7,0.09262705,59209.6,0.00039669,59187.6,0.02,59209.7,0.10607539,2024-07-13 23:59:43.308000
95,59198.0,0.12220776,59198.1,0.20721305,59196.3,0.02010003,59200.0,0.0335,59196.0,0.0335,59200.2,0.0375,59195.0,0.1,59200.9,0.06571316,59194.5,0.00139035,59201.0,0.11820939,59194.0,0.0335,59202.0,0.0695,59192.1,0.04223108,59202.6,0.00143991,59192.0,0.16617801,59203.7,0.08,59191.9,0.24647,59203.8,0.26558247,59190.1,0.0309144,59203.9,0.285,59190.0,0.0335,59204.0,0.071,59189.4,1.501e-05,59205.9,0.04239429,59189.3,0.112479,59206.0,0.070657,59188.7,0.0001751,59206.6,0.00230274,59188.6,0.159,59207.2,1.501e-05,59188.5,0.285,59208.0,0.07868756,59188.0,0.0335,59208.1,0.0375,59187.8,0.008,59208.9,0.08,59187.7,0.09262705,59209.6,0.00039669,59187.6,0.02,59209.7,0.10607539,2024-07-13 23:59:43.408000
96,59198.0,0.12220776,59198.1,0.20721305,59196.1,0.02010006,59200.0,0.0335,59196.0,0.0335,59200.2,0.0375,59195.0,0.1,59200.9,0.06571316,59194.5,0.00139035,59201.0,0.11820939,59194.0,0.0335,59202.0,0.0695,59192.1,0.04223108,59202.6,0.00143991,59192.0,0.16617801,59203.7,0.08,59191.9,0.24647,59203.8,0.18558247,59190.1,0.0309144,59203.9,0.285,59190.0,0.0335,59204.0,0.071,59189.4,1.501e-05,59204.2,0.00516327,59189.3,0.112479,59205.9,0.04239429,59188.7,0.0001751,59206.0,0.070657,59188.6,0.159,59206.6,0.00230274,59188.5,0.285,59207.2,1.501e-05,59188.0,0.0335,59208.0,0.07868756,59187.8,0.008,59208.1,0.0375,59187.7,0.09262705,59208.9,0.08,59187.6,0.02,59209.6,0.00039669,2024-07-13 23:59:43.508000
97,59198.0,0.12220776,59198.1,0.20721305,59196.1,0.02010006,59200.0,0.0335,59196.0,0.0335,59200.2,0.0375,59195.0,0.1,59200.9,0.06571316,59194.5,0.00139035,59201.0,0.11820939,59194.0,0.0335,59202.0,0.0695,59192.1,0.04223108,59202.6,0.00143991,59192.0,0.16617801,59203.7,0.08,59191.9,0.24647,59203.8,0.18558247,59190.1,0.0309144,59203.9,0.285,59190.0,0.0335,59204.0,0.071,59189.4,1.501e-05,59204.2,0.00516327,59189.3,0.112479,59205.9,0.04239429,59188.7,0.0001751,59206.0,0.070657,59188.6,0.159,59206.6,0.00230274,59188.5,0.285,59207.2,1.501e-05,59188.0,0.0335,59208.0,0.07868756,59187.8,0.008,59208.1,0.0375,59187.7,0.09262705,59208.9,0.08,59187.6,0.02,59209.6,0.00039669,2024-07-13 23:59:43.608000
98,59198.0,0.12220776,59198.1,0.20721305,59196.1,0.02010006,59200.0,0.0335,59196.0,0.0335,59200.2,0.0375,59195.0,0.1,59200.9,0.06571316,59194.5,0.00139035,59201.0,0.11820939,59194.0,0.0335,59202.0,0.0695,59192.1,0.04223108,59202.6,0.00143991,59192.0,0.16617801,59203.7,0.08,59191.9,0.24647,59203.8,0.18558247,59190.1,0.0309144,59203.9,0.285,59190.0,0.0335,59204.0,0.071,59189.4,1.501e-05,59204.2,0.00516327,59189.3,0.112479,59205.9,0.04239429,59188.7,0.0001751,59206.0,0.070657,59188.6,0.159,59206.6,0.00230274,59188.5,0.285,59207.2,1.501e-05,59188.0,0.0335,59207.7,0.050677,59187.8,0.008,59208.0,0.07868756,59187.7,0.09262705,59208.1,0.0375,59187.6,0.02,59208.8,0.00026402,2024-07-13 23:59:43.708000
99,59198.0,0.07510776,59198.1,0.20721305,59196.1,0.02010002,59200.0,0.0335,59196.0,0.0335,59200.2,0.0375,59195.1,0.06000003,59200.9,0.06571316,59195.0,0.1,59201.0,0.11820939,59194.5,0.00139035,59202.0,0.0695,59194.0,0.0335,59202.6,0.00143991,59192.1,0.04223108,59203.7,0.08,59192.0,0.16617801,59203.8,0.18558247,59191.9,0.24647,59203.9,0.285,59190.1,0.0309144,59204.0,0.071,59190.0,0.0335,59204.2,0.00516327,59189.4,1.501e-05,59205.9,0.04239429,59189.3,0.112479,59206.0,0.070657,59188.7,0.0001751,59206.6,0.00230274,59188.6,0.159,59207.2,1.501e-05,59188.5,0.285,59207.7,0.050677,59188.0,0.0335,59208.0,0.07868756,59187.8,0.008,59208.1,0.0375,59187.6,0.02,59208.8,0.00026402,2024-07-13 23:59:43.808000
100,59198.0,0.03760776,59198.1,0.11805392,59196.1,0.02010002,59200.0,0.0335,59196.0,0.0335,59200.2,0.0375,59195.1,0.06000003,59200.9,0.10441154,59195.0,0.1,59201.0,0.11820939,59194.5,0.00139035,59202.0,0.0695,59194.0,0.0335,59202.6,0.00143991,59192.1,0.04223108,59203.7,0.08,59192.0,0.16617801,59203.8,0.18558247,59191.9,0.24647,59203.9,0.285,59190.1,0.0309144,59204.0,0.071,59190.0,0.0335,59204.2,0.00516327,59189.4,1.501e-05,59205.9,0.04239429,59189.3,0.112479,59206.0,0.070657,59188.7,0.0001751,59206.6,0.00230274,59188.6,0.159,59207.2,1.501e-05,59188.5,0.285,59207.7,0.050677,59188.0,0.0335,59208.0,0.07868756,59187.8,0.008,59208.1,0.0375,59187.6,0.02,59208.8,0.00026402,2024-07-13 23:59:43.908000
101,59198.0,0.03760776,59198.1,0.11805392,59196.1,0.02010002,59200.0,0.0335,59196.0,0.0335,59200.2,0.0375,59195.1,0.06000003,59200.9,0.10441154,59195.0,0.1,59201.0,0.11820939,59194.5,0.00139035,59202.0,0.0695,59194.0,0.0335,59202.6,0.00143991,59192.1,0.04223108,59203.7,0.08,59192.0,0.16617801,59203.8,0.18558247,59191.9,0.24647,59203.9,0.285,59190.1,0.0309144,59204.0,0.07600269,59190.0,0.0335,59204.2,0.00516327,59189.4,1.501e-05,59205.9,0.04239429,59189.3,0.112479,59206.0,0.070657,59188.7,0.0001751,59206.6,0.00230274,59188.6,0.159,59207.2,1.501e-05,59188.5,0.285,59207.7,0.050677,59188.0,0.0335,59208.0,0.07868756,59187.8,0.008,59208.1,0.0375,59187.6,0.02,59208.8,0.00026402,2024-07-13 23:59:44.008000
102,59198.0,0.03760776,59198.1,0.11805392,59196.0,0.0335,59200.0,0.0335,59195.1,0.06000003,59200.2,0.0375,59195.0,0.1,59200.9,0.10441154,59194.5,0.00139035,59201.0,0.11820939,59194.0,0.0335,59202.0,0.0695,59192.1,0.04223108,59202.6,0.00143991,59192.0,0.16617801,59203.7,0.08,59191.9,0.24647,59203.8,0.18558247,59190.1,0.0309144,59203.9,0.285,59190.0,0.0335,59204.0,0.07600269,59189.4,1.501e-05,59204.2,0.00516327,59189.3,0.112479,59205.9,0.04239429,59188.7,0.0001751,59206.0,0.070657,59188.6,0.159,59206.6,0.00230274,59188.5,0.285,59207.2,1.501e-05,59188.0,0.0335,59207.7,0.050677,59187.8,0.008,59208.0,0.07868756,59187.6,0.02,59208.1,0.0375,59187.5,0.1689,59208.8,0.00026402,2024-07-13 23:59:44.108000
103,59198.0,0.00410776,59198.1,0.18352928,59196.0,0.0335,59200.0,0.0335,59195.1,0.06000003,59200.2,0.0375,59195.0,0.1,59200.9,0.06571316,59194.5,0.00139035,59201.0,0.11820939,59194.0,0.0335,59202.0,0.0695,59192.1,0.04223108,59203.3,0.01118242,59192.0,0.16617801,59203.7,0.08,59191.9,0.24647,59203.8,0.26558247,59191.7,0.011704,59203.9,0.285,59190.1,0.0309144,59204.0,0.07600269,59190.0,0.0335,59204.2,0.00516327,59189.4,1.501e-05,59205.9,0.04239429,59189.3,0.112479,59206.0,0.070657,59188.7,0.0001751,59206.6,0.00230274,59188.6,0.159,59207.2,1.501e-05,59188.5,0.285,59207.7,0.050677,59188.0,0.0335,59208.0,0.07868756,59187.8,0.008,59208.1,0.0375,59187.6,0.02,59208.8,0.00026402,2024-07-13 23:59:44.208000
104,59198.0,0.00410776,59198.1,0.18352928,59196.0,0.0335,59200.0,0.0335,59195.1,0.06000003,59200.2,0.0375,59195.0,0.1,59200.9,0.06571316,59194.5,0.00139035,59201.0,0.11820939,59194.0,0.0335,59202.0,0.0695,59192.1,0.04223108,59203.3,0.01118242,59192.0,0.16617801,59203.7,0.08,59191.9,0.24647,59203.8,0.26558247,59191.7,0.011704,59203.9,0.285,59190.1,0.0309144,59204.0,0.07600269,59190.0,0.0335,59204.2,0.00516327,59189.4,1.501e-05,59205.7,0.050677,59189.3,0.112479,59205.9,0.04239429,59188.7,0.0001751,59206.0,0.070657,59188.6,0.159,59206.6,0.00230274,59188.5,0.285,59207.2,1.501e-05,59188.0,0.0335,59207.7,0.050677,59187.8,0.008,59208.0,0.07868756,59187.6,0.02,59208.1,0.0375,2024-07-13 23:59:44.308000
105,59198.0,0.00410776,59198.1,0.18352928,59196.0,0.0335,59200.0,0.0335,59195.1,0.06000003,59200.2,0.0375,59195.0,0.1,59200.9,0.06571316,59194.5,0.00139035,59201.0,0.11820939,59194.0,0.0335,59202.0,0.0695,59192.1,0.04223108,59203.3,0.01118242,59192.0,0.16617801,59203.7,0.08,59191.9,0.24647,59203.8,0.26558247,59191.7,0.011704,59203.9,0.285,59190.1,0.0309144,59204.0,0.07600269,59190.0,0.0335,59204.2,0.00516327,59189.4,1.501e-05,59205.7,0.050677,59189.3,0.112479,59205.9,0.04239429,59188.7,0.0001751,59206.0,0.070657,59188.6,0.159,59206.6,0.00230274,59188.5,0.285,59207.2,1.501e-05,59188.0,0.0335,59207.7,0.050677,59187.8,0.008,59207.9,0.00017797,59187.6,0.02,59208.0,0.07868756,2024-07-13 23:59:44.408000
106,59198.0,0.00410776,59198.1,0.11805392,59196.0,0.0335,59200.0,0.0335,59195.1,0.06000003,59200.2,0.0375,59195.0,0.1,59200.9,0.1044115,59194.5,0.00139035,59201.0,0.11820939,59194.0,0.0335,59202.0,0.0695,59192.1,0.04223108,59203.3,0.01118242,59192.0,0.16617801,59203.7,0.08,59191.9,0.24647,59203.8,0.26558247,59191.7,0.011704,59203.9,0.285,59190.1,0.0069144,59204.0,0.07600269,59190.0,0.0335,59204.2,0.00516327,59189.4,1.501e-05,59205.7,0.050677,59189.3,0.112479,59205.9,0.04239429,59188.7,0.0001751,59206.0,0.070657,59188.6,0.159,59206.6,0.00230274,59188.5,0.285,59207.2,1.501e-05,59188.0,0.0335,59207.7,0.050677,59187.8,0.008,59207.9,0.00017797,59187.6,0.02,59208.0,0.07868756,2024-07-13 23:59:44.508000
107,59198.0,0.00410776,59198.1,0.11805392,59196.0,0.0335,59200.0,0.0335,59195.1,0.06000003,59200.2,0.0375,59195.0,0.1,59200.9,0.1044115,59194.5,0.00139035,59201.0,0.11820939,59194.0,0.0335,59202.0,0.0695,59192.1,0.04223108,59203.3,0.01118242,59192.0,0.16617801,59203.7,0.08,59191.9,0.24647,59203.8,0.26558247,59191.7,0.011704,59203.9,0.285,59190.1,0.0069144,59204.0,0.07600269,59190.0,0.0335,59204.2,0.00516327,59189.4,1.501e-05,59205.7,0.050677,59189.3,0.112479,59205.9,0.04239429,59188.7,0.0001751,59206.0,0.070657,59188.6,0.159,59206.6,0.00230274,59188.5,0.285,59207.2,1.501e-05,59188.0,0.0335,59207.7,0.050677,59187.8,0.008,59207.9,0.00017797,59187.6,0.02,59208.0,0.07868756,2024-07-13 23:59:44.608000
108,59198.0,0.00410776,59198.1,0.11805392,59196.0,0.0335,59200.0,0.0335,59195.1,0.06000003,59200.2,0.0375,59195.0,0.1,59200.9,0.1044115,59194.5,0.00139035,59201.0,0.11820939,59194.0,0.0335,59202.0,0.0695,59192.1,0.04223108,59203.2,0.08,59192.0,0.16617801,59203.3,0.01118242,59191.9,0.24647,59203.7,0.08,59191.7,0.011704,59203.8,0.26558247,59190.1,0.0069144,59203.9,0.285,59190.0,0.0335,59204.0,0.07600269,59189.4,1.501e-05,59204.2,0.00516327,59189.3,0.112479,59205.7,0.050677,59188.7,0.0001751,59205.9,0.04239429,59188.6,0.159,59206.0,0.070657,59188.5,0.285,59206.6,0.00230274,59188.0,0.0335,59207.2,1.501e-05,59187.8,0.008,59207.7,0.050677,59187.6,0.02,59208.0,0.07868756,2024-07-13 23:59:44.708000
109,59198.0,0.00410776,59198.1,0.11805392,59196.0,0.0335,59200.0,0.0335,59195.1,0.06000003,59200.2,0.0375,59195.0,0.1,59200.9,0.1044115,59194.5,0.00139035,59201.0,0.11820939,59194.0,0.0335,59202.0,0.0695,59192.1,0.04223108,59203.2,0.08,59192.0,0.16617801,59203.3,0.01118242,59191.9,0.24647,59203.7,0.08,59191.7,0.011704,59203.8,0.18558247,59190.1,0.0069144,59203.9,0.285,59190.0,0.0335,59204.0,0.07600269,59189.4,1.501e-05,59204.2,0.00516327,59189.3,0.112479,59205.7,0.050677,59188.7,0.0001751,59205.9,0.04239429,59188.6,0.159,59206.0,0.070657,59188.5,0.285,59206.6,0.00230274,59188.0,0.0335,59207.2,1.501e-05,59187.8,0.008,59207.7,0.050677,59187.6,0.02,59207.8,0.006757,2024-07-13 23:59:44.808000
110,59198.0,0.00410776,59198.1,0.11805392,59196.0,0.0335,59200.0,0.0335,59195.1,0.06000003,59200.2,0.0375,59195.0,0.1,59200.9,0.1044115,59194.5,0.00139035,59201.0,0.11820939,59194.0,0.0335,59202.0,0.0695,59192.1,0.04223108,59203.2,0.08,59192.0,0.16617801,59203.3,0.01118242,59191.9,0.24647,59203.7,0.08,59191.7,0.011704,59203.8,0.18558247,59190.1,0.0069144,59203.9,0.285,59190.0,0.0335,59204.0,0.07600269,59189.4,1.501e-05,59204.2,0.00516327,59189.3,0.112479,59205.7,0.050677,59188.7,0.0001751,59205.9,0.04239429,59188.6,0.159,59206.0,0.070657,59188.5,0.285,59206.6,0.00230274,59188.0,0.0335,59207.2,1.501e-05,59187.8,0.008,59207.7,0.050677,59187.6,0.02,59207.8,0.006757,2024-07-13 23:59:44.908000
111,59198.0,0.00410776,59198.1,0.11805392,59196.0,0.0335,59200.0,0.0335,59195.1,0.06000003,59200.2,0.0375,59195.0,0.1,59200.9,0.1044115,59194.5,0.00139035,59201.0,0.11820939,59194.0,0.0335,59202.0,0.0695,59192.1,0.04223108,59203.2,0.08,59192.0,0.16617801,59203.3,0.01118242,59191.9,0.24647,59203.7,0.08,59191.7,0.011704,59203.8,0.23626147,59190.1,0.0069144,59203.9,0.285,59190.0,0.0335,59204.0,0.07600269,59189.4,1.501e-05,59204.2,0.00516327,59189.3,0.112479,59205.7,0.050677,59188.7,0.0001751,59205.9,0.04239429,59188.6,0.159,59206.0,0.070657,59188.5,0.285,59206.6,0.00230274,59188.0,0.0335,59207.2,1.501e-05,59187.8,0.008,59207.8,0.006757,59187.6,0.02,59208.0,0.07868756,2024-07-13 23:59:45.008000
112,59198.0,0.00410776,59198.1,0.18689433,59196.0,0.0335,59200.0,0.0335,59195.1,0.06000003,59200.2,0.0375,59195.0,0.1,59200.9,0.06571316,59194.5,0.00139035,59201.0,0.11820939,59194.0,0.0335,59202.0,0.0695,59192.1,0.04223108,59203.3,0.01118242,59192.0,0.16617801,59203.7,0.08,59191.9,0.24647,59203.8,0.23626147,59191.7,0.011704,59203.9,0.285,59190.1,0.0069144,59204.0,0.07600269,59190.0,0.0335,59204.2,0.00516327,59189.4,1.501e-05,59205.7,0.050677,59189.3,0.112479,59205.9,0.04239429,59188.7,0.0001751,59206.0,0.070657,59188.6,0.159,59206.6,0.00230274,59188.5,0.285,59207.2,1.501e-05,59188.0,0.0335,59207.8,0.006757,59187.8,0.008,59208.0,0.07868756,59187.6,0.02,59208.1,0.0375,2024-07-13 23:59:45.108000
113,59198.0,0.04160776,59198.1,0.18689433,59196.0,0.0335,59200.0,0.0335,59195.1,0.06000003,59200.2,0.0375,59195.0,0.1,59200.9,0.06571316,59194.5,0.00139035,59201.0,0.11820939,59194.0,0.0335,59202.0,0.0695,59192.1,0.04223108,59203.3,0.01118242,59192.0,0.16617801,59203.8,0.23626147,59191.9,0.24647,59203.9,0.285,59191.7,0.011704,59204.0,0.07600269,59190.1,0.0069144,59204.2,0.00516327,59190.0,0.0335,59205.7,0.050677,59189.4,1.501e-05,59205.9,0.04239429,59189.3,0.112479,59206.0,0.070657,59188.7,0.0001751,59206.6,0.00230274,59188.6,0.159,59207.2,1.501e-05,59188.5,0.285,59207.8,0.006757,59188.0,0.0335,59208.0,0.07868756,59187.8,0.008,59208.1,0.0375,59187.6,0.02,59208.9,0.08,2024-07-13 23:59:45.208000
114,59198.0,0.04160776,59198.1,0.18689433,59196.0,0.0335,59200.0,0.0335,59195.1,0.06000003,59200.2,0.0375,59195.0,0.1,59200.9,0.06571316,59194.5,0.00139035,59201.0,0.11820939,59194.0,0.0335,59202.0,0.0695,59192.1,0.04223108,59203.8,0.23626147,59192.0,0.16617801,59203.9,0.285,59191.9,0.24647,59204.0,0.07600269,59190.1,0.0069144,59204.2,0.00516327,59190.0,0.0335,59205.7,0.050677,59189.4,1.501e-05,59205.9,0.04239429,59189.3,0.112479,59206.0,0.070657,59188.7,0.0001751,59206.6,0.00230274,59188.6,0.159,59207.2,1.501e-05,59188.5,0.285,59207.8,0.006757,59188.0,0.0335,59208.0,0.07868756,59187.8,0.008,59208.1,0.0375,59187.6,0.02,59208.9,0.08,59187.5,0.1689,59209.6,0.00020161,2024-07-13 23:59:45.308000
115,59198.0,0.04160776,59198.1,0.18689433,59196.0,0.0335,59200.0,0.0335,59195.1,0.06000003,59200.2,0.0375,59195.0,0.1,59200.9,0.06571316,59194.5,0.00139035,59201.0,0.11820939,59194.0,0.0335,59202.0,0.0695,59192.1,0.04223108,59203.8,0.23626147,59192.0,0.16617801,59203.9,0.285,59191.9,0.24647,59204.0,0.07600269,59190.1,0.0069144,59204.2,0.00516327,59190.0,0.0335,59205.7,0.050677,59189.4,1.501e-05,59205.9,0.04239429,59189.3,0.112479,59206.0,0.070657,59188.7,0.0001751,59206.6,0.00230274,59188.6,0.159,59207.2,1.501e-05,59188.5,0.285,59207.8,0.006757,59188.0,0.0335,59208.0,0.07868756,59187.8,0.008,59208.1,0.0375,59187.6,0.02,59208.9,0.08,59187.5,0.1689,59209.6,0.00020161,2024-07-13 23:59:45.408000
116,59198.0,0.04160776,59198.1,0.18689433,59196.0,0.0335,59200.0,0.0335,59195.1,0.06000003,59200.2,0.0375,59195.0,0.1,59200.9,0.06571316,59194.5,0.00139035,59201.0,0.11820939,59194.0,0.0335,59202.0,0.0695,59192.1,0.04223108,59203.8,0.23626147,59192.0,0.16617801,59203.9,0.285,59191.9,0.24647,59204.0,0.07600269,59190.1,0.0069144,59204.2,0.00516327,59190.0,0.0335,59205.7,0.050677,59189.4,1.501e-05,59205.9,0.04239429,59189.3,0.112479,59206.0,0.070657,59188.7,0.0001751,59206.6,0.00230274,59188.6,0.159,59207.2,1.501e-05,59188.5,0.285,59207.8,0.006757,59188.0,0.0335,59208.0,0.07868756,59187.8,0.008,59208.1,0.0375,59187.6,0.02,59208.9,0.08,59187.5,0.1689,59209.6,0.00020161,2024-07-13 23:59:45.608000
117,59198.0,0.20280921,59198.1,0.13294248,59196.1,0.02010009,59200.0,0.0335,59196.0,0.0335,59200.2,0.0375,59195.0,0.1,59200.9,0.06571316,59194.5,0.00139035,59201.0,0.11820939,59194.0,0.0335,59202.0,0.0335,59192.9,0.011704,59203.8,0.18558247,59192.1,0.04223108,59204.0,0.07600269,59192.0,0.16617801,59204.1,0.285,59191.9,0.24647,59204.2,0.00516327,59190.1,0.0069144,59204.6,0.01118242,59190.0,0.0335,59206.0,0.070657,59189.4,1.501e-05,59206.6,0.00230274,59189.3,0.112479,59207.2,1.501e-05,59188.7,0.0001751,59207.5,0.03040806,59188.6,0.159,59207.6,0.05068,59188.5,0.285,59208.0,0.07868756,59188.0,0.12085346,59208.1,0.0375,59187.8,0.008,59208.9,0.08,59187.6,0.02,59209.7,0.05540139,2024-07-13 23:59:45.708000
118,59200.1,0.13812622,59200.2,0.0375,59200.0,0.0335,59201.0,0.11820939,59199.9,0.036,59202.0,0.0335,59198.1,0.21606475,59203.8,0.05662457,59198.0,0.36010776,59204.0,0.07600269,59196.0,0.0335,59204.2,0.00516327,59195.1,0.06000003,59205.9,0.17100004,59195.0,0.1,59206.0,0.070657,59194.9,0.011704,59206.2,0.285,59194.5,0.00139035,59206.6,0.00230274,59194.0,0.0335,59207.2,1.501e-05,59192.2,0.00048958,59207.6,0.05068,59192.1,0.04223108,59207.9,0.01118242,59192.0,0.16617801,59208.0,0.07868756,59191.9,0.24647,59208.1,0.0375,59190.3,0.0974881,59208.9,0.08,59190.2,0.024,59209.7,0.05540139,59190.1,0.0069144,59210.0,0.0335,59190.0,0.0335,59210.7,0.02,59189.4,1.501e-05,59210.9,0.01013655,2024-07-13 23:59:45.808000
119,59203.9,0.15256355,59204.0,0.17423,59202.1,0.02010002,59205.5,0.11820035,59202.0,0.0335,59206.0,0.070657,59201.0,0.02160009,59206.6,0.00230274,59200.9,0.036,59207.2,1.501e-05,59200.1,0.0375,59208.0,0.0335,59200.0,0.0335,59208.1,0.0375,59199.9,0.036,59208.8,0.06558749,59198.3,0.00055438,59208.9,0.08,59198.2,0.05393102,59210.0,0.0335,59198.1,0.21606475,59210.7,0.02,59198.0,0.36010776,59210.8,0.01118242,59196.3,0.05432913,59210.9,0.01013655,59196.0,0.0335,59211.6,0.04222687,59195.4,1.501e-05,59211.7,0.0850805,59195.2,0.04222901,59212.0,0.0335,59195.1,0.06000003,59212.7,0.112479,59195.0,0.1,59213.2,1.5e-05,59194.5,0.00139035,59213.9,0.00023138,59194.0,0.0335,59214.0,0.0335,2024-07-13 23:59:45.908000
120,59203.9,0.15256355,59204.0,0.17423,59202.1,0.02010002,59205.5,0.11820035,59202.0,0.0335,59206.0,0.070657,59201.0,0.02160009,59206.6,0.00230274,59200.9,0.036,59207.2,1.501e-05,59200.1,0.0375,59208.0,0.0335,59200.0,0.0335,59208.1,0.0375,59199.9,0.036,59208.8,0.06558749,59198.3,0.00055438,59208.9,0.08,59198.2,0.05393102,59210.0,0.0335,59198.1,0.21606475,59210.8,0.01118242,59198.0,0.36010776,59210.9,0.01013655,59196.3,0.05432913,59211.6,0.04222687,59196.0,0.0335,59211.7,0.0850805,59195.4,1.501e-05,59212.0,0.0335,59195.2,0.04222901,59212.7,0.112479,59195.1,0.06000003,59213.2,1.5e-05,59195.0,0.1,59213.6,0.05068,59194.5,0.00139035,59213.9,0.00023138,59194.0,0.0335,59214.0,0.0335,2024-07-13 23:59:46.008000
121,59203.9,0.15256355,59204.0,0.17423,59202.1,0.02010002,59205.5,0.11820035,59202.0,0.0335,59206.0,0.070657,59201.0,0.02160009,59206.6,0.00230274,59200.9,0.036,59207.2,1.501e-05,59200.1,0.0375,59208.0,0.0335,59200.0,0.0335,59208.1,0.0375,59199.9,0.036,59208.8,0.06558749,59198.3,0.00055438,59208.9,0.08,59198.2,0.05393102,59210.0,0.0335,59198.1,0.21606475,59210.8,0.01118242,59198.0,0.36010776,59210.9,0.01013655,59196.3,0.05432913,59211.6,0.04222687,59196.0,0.0335,59211.7,0.0850805,59195.4,1.501e-05,59212.0,0.0335,59195.2,0.04222901,59212.7,0.112479,59195.1,0.06000003,59213.2,1.5e-05,59195.0,0.1,59213.6,0.05068,59194.5,0.00139035,59213.9,0.00023138,59194.0,0.0335,59214.0,0.0335,2024-07-13 23:59:46.108000
122,59203.9,0.15256355,59204.0,0.17423,59202.1,0.02010002,59205.5,0.11820035,59202.0,0.0335,59206.0,0.070657,59201.0,0.02160009,59206.6,0.00230274,59200.9,0.036,59207.2,1.501e-05,59200.1,0.0375,59208.0,0.0335,59200.0,0.0335,59208.1,0.0375,59199.9,0.036,59208.8,0.06558749,59198.3,0.00055438,59208.9,0.08,59198.2,0.05393102,59210.0,0.0335,59198.1,0.21606475,59210.8,0.01118242,59198.0,0.36010776,59210.9,0.01013655,59196.3,0.05432913,59211.6,0.04222687,59196.0,0.0335,59211.7,0.0850805,59195.4,1.501e-05,59212.0,0.0335,59195.2,0.04222901,59212.7,0.112479,59195.1,0.06000003,59213.2,1.5e-05,59195.0,0.1,59213.6,0.05068,59194.5,0.00139035,59213.9,0.00023138,59194.0,0.0335,59214.0,0.0335,2024-07-13 23:59:46.208000
123,59203.9,0.15256355,59204.0,0.17423,59202.1,0.02010002,59205.5,0.11820035,59202.0,0.0335,59206.0,0.070657,59201.0,0.02160009,59206.6,0.00230274,59200.9,0.036,59207.2,1.501e-05,59200.1,0.0375,59208.0,0.0335,59200.0,0.0335,59208.1,0.0375,59199.9,0.036,59208.8,0.06558749,59198.3,0.00055438,59208.9,0.08,59198.2,0.05393102,59210.0,0.0335,59198.1,0.21606475,59210.8,0.01118242,59198.0,0.36010776,59210.9,0.01013655,59196.3,0.05432913,59211.6,0.04222687,59196.0,0.0335,59211.7,0.0850805,59195.4,1.501e-05,59212.0,0.0335,59195.2,0.04222901,59212.7,0.112479,59195.1,0.06000003,59213.2,1.5e-05,59195.0,0.1,59213.6,0.05068,59194.5,0.00139035,59213.9,0.00023138,59194.0,0.0335,59214.0,0.0335,2024-07-13 23:59:46.308000
124,59203.9,0.15256355,59204.0,0.0856,59202.1,0.02010002,59205.5,0.11820035,59202.0,0.0335,59206.0,0.070657,59201.0,0.02160009,59206.6,0.00230274,59200.9,0.036,59207.2,1.501e-05,59200.1,0.0375,59208.0,0.0335,59200.0,0.0335,59208.1,0.0375,59199.9,0.036,59209.9,0.03289141,59198.3,0.00055438,59210.0,0.0335,59198.2,0.05393102,59210.8,0.01118242,59198.1,0.21606475,59210.9,0.01013655,59198.0,0.36010776,59211.3,0.00337929,59196.3,0.05432913,59212.0,0.0335,59196.0,0.0335,59212.6,0.03040804,59195.4,1.501e-05,59212.7,0.112479,59195.2,0.04222901,59213.0,0.02,59195.1,0.1185462,59213.2,1.5e-05,59195.0,0.1,59214.0,0.0335,59194.5,0.00139035,59214.1,0.1935,59194.1,0.30498873,59214.8,0.0001981,2024-07-13 23:59:46.408000
125,59203.9,0.17545355,59204.0,0.0856,59202.1,0.02010002,59205.5,0.11820035,59202.0,0.0335,59206.0,0.070657,59201.0,0.02160009,59206.6,0.00230274,59200.9,0.036,59207.2,1.501e-05,59200.1,0.0375,59208.0,0.0335,59200.0,0.0335,59208.1,0.0375,59199.9,0.036,59209.9,0.03289141,59198.3,0.00055438,59210.0,0.0335,59198.2,0.05393102,59210.8,0.01118242,59198.1,0.21606475,59210.9,0.01013655,59198.0,0.36010776,59211.3,0.00337929,59196.3,0.05432913,59212.0,0.0335,59196.0,0.0335,59212.7,0.112479,59195.4,1.501e-05,59212.9,0.02010006,59195.2,0.04222901,59213.0,0.02,59195.1,0.1185462,59213.2,1.5e-05,59195.0,0.1,59213.9,0.00025922,59194.5,0.00139035,59214.0,0.0335,59194.2,0.21007643,59214.1,0.1935,2024-07-13 23:59:46.508000
126,59203.9,0.17545355,59204.0,0.0856,59202.1,0.02010002,59205.5,0.11820035,59202.0,0.0335,59206.0,0.070657,59201.0,0.02160009,59206.6,0.00230274,59200.9,0.036,59207.2,1.501e-05,59200.1,0.0375,59208.0,0.0335,59200.0,0.0335,59208.1,0.0375,59199.9,0.036,59209.9,0.03289141,59198.3,0.00055438,59210.0,0.0335,59198.2,0.05393102,59210.8,0.01118242,59198.1,0.21606475,59210.9,0.01013655,59198.0,0.36010776,59211.3,0.00337929,59196.3,0.05432913,59212.0,0.0335,59196.0,0.0335,59212.7,0.112479,59195.4,1.501e-05,59212.9,0.02010006,59195.2,0.04222901,59213.0,0.02,59195.1,0.1185462,59213.2,1.5e-05,59195.0,0.1,59213.9,0.00025922,59194.8,0.024,59214.0,0.0335,59194.5,0.00139035,59214.1,0.1935,2024-07-13 23:59:46.608000
127,59205.4,0.4152912,59205.5,0.11820035,59204.0,0.0335,59206.0,0.037157,59202.1,0.02010002,59206.6,0.00230274,59202.0,0.0335,59207.2,1.501e-05,59201.0,0.02160009,59208.0,0.0335,59200.9,0.036,59208.1,0.0375,59200.2,0.011704,59209.9,0.03289141,59200.1,0.0375,59210.0,0.0335,59200.0,0.0335,59210.9,0.01013655,59199.9,0.036,59211.3,0.00337929,59198.4,0.00063505,59212.0,0.0335,59198.3,0.04222687,59212.3,0.01118242,59198.2,0.04222702,59212.7,0.112479,59198.1,0.21606475,59212.9,0.02010006,59198.0,0.36010776,59213.0,0.02,59196.3,0.05432913,59213.2,1.5e-05,59196.0,0.0335,59214.0,0.0335,59195.4,1.501e-05,59214.1,0.1935,59195.2,0.04222901,59214.9,0.0084455,59195.1,0.1185462,59215.2,0.01,2024-07-13 23:59:46.708000
128,59205.4,0.4152912,59205.5,0.11820035,59204.0,0.0335,59206.0,0.037157,59202.1,0.02010002,59206.6,0.00230274,59202.0,0.0335,59207.2,1.501e-05,59201.0,0.02160009,59208.0,0.0335,59200.9,0.036,59208.1,0.0375,59200.2,0.011704,59209.9,0.03289141,59200.1,0.0375,59210.0,0.0335,59200.0,0.0335,59210.9,0.01013655,59199.9,0.036,59211.3,0.00337929,59198.4,0.00063505,59212.0,0.0335,59198.3,0.04222687,59212.7,0.112479,59198.2,0.04222702,59212.9,0.02010006,59198.1,0.21606475,59213.0,0.02,59198.0,0.36010776,59213.2,1.5e-05,59196.3,0.05432913,59213.7,0.01118242,59196.0,0.0335,59214.0,0.0335,59195.4,1.501e-05,59214.1,0.1935,59195.3,0.09773574,59215.1,0.0084455,59195.2,0.04222901,59215.2,0.01,2024-07-13 23:59:46.808000
129,59205.4,0.1302912,59205.5,0.11820035,59204.0,0.0335,59206.0,0.037157,59202.1,0.02010002,59206.6,0.00230274,59202.0,0.0335,59207.2,1.501e-05,59201.0,0.02160009,59208.0,0.0335,59200.9,0.036,59208.1,0.0375,59200.2,0.011704,59209.9,0.03289141,59200.1,0.0375,59210.0,0.0335,59200.0,0.0335,59210.9,0.01013655,59199.9,0.036,59211.3,0.00337929,59198.4,0.00063505,59212.0,0.0335,59198.3,0.04222687,59212.7,0.112479,59198.2,0.04222702,59212.9,0.03128248,59198.1,0.21606475,59213.0,0.02,59198.0,0.356,59213.2,1.5e-05,59196.3,0.05432913,59214.0,0.0335,59196.0,0.0335,59214.1,0.1935,59195.4,1.501e-05,59215.1,0.0084455,59195.3,0.08300741,59215.2,0.01020678,59195.2,0.1383456,59215.3,0.3225,2024-07-13 23:59:46.908000
130,59205.4,0.1302912,59205.5,0.11820035,59204.0,0.0335,59206.0,0.037157,59202.1,0.02010002,59206.6,0.00230274,59202.0,0.0335,59207.2,1.501e-05,59201.0,0.02160009,59208.0,0.0335,59200.9,0.036,59208.1,0.0375,59200.2,0.011704,59209.9,0.03289141,59200.1,0.0375,59210.0,0.0335,59200.0,0.0335,59210.9,0.01013655,59199.9,0.036,59211.3,0.00337929,59198.4,0.00063505,59212.0,0.0335,59198.3,0.04222687,59212.2,0.01118242,59198.2,0.04222702,59212.7,0.112479,59198.1,0.21606475,59212.9,0.02010006,59198.0,0.356,59213.0,0.02,59196.3,0.05432913,59213.2,1.5e-05,59196.0,0.0335,59214.0,0.0335,59195.4,1.501e-05,59214.1,0.1935,59195.3,0.08300741,59215.1,0.00866038,59195.2,0.1383456,59215.2,0.01,2024-07-13 23:59:47.008000
131,59205.4,0.15669312,59205.5,0.12050035,59204.0,0.0335,59206.0,0.037157,59202.1,0.02010002,59206.6,0.00230274,59202.0,0.0335,59207.2,1.501e-05,59201.0,0.02160009,59208.0,0.0335,59200.9,0.036,59208.1,0.0375,59200.3,0.0422258,59209.9,0.03289141,59200.2,0.011704,59210.0,0.0335,59200.1,0.0375,59210.9,0.01013655,59200.0,0.0335,59211.3,0.00337929,59199.9,0.036,59212.0,0.0335,59198.4,0.00063505,59212.3,0.01118242,59198.3,0.04222687,59212.7,0.112479,59198.2,0.04222702,59212.9,0.02010006,59198.1,0.21606475,59213.0,0.02,59198.0,0.356,59213.2,1.5e-05,59196.3,0.05432913,59214.0,0.0335,59196.0,0.0335,59214.1,0.1935,59195.4,1.501e-05,59215.1,0.0084455,59195.3,0.15155516,59215.2,0.0101758,2024-07-13 23:59:47.108000
132,59205.4,0.15669312,59205.5,0.12050035,59204.0,0.0335,59206.0,0.037157,59202.1,0.02010002,59206.6,0.00230274,59202.0,0.0335,59207.2,1.501e-05,59201.0,0.02160009,59208.0,0.0335,59200.9,0.036,59208.1,0.0375,59200.3,0.0422258,59209.9,0.03289141,59200.2,0.011704,59210.0,0.0335,59200.1,0.0375,59210.9,0.01013655,59200.0,0.0335,59211.3,0.00337929,59199.9,0.036,59212.0,0.0335,59198.4,0.00063505,59212.3,0.01118242,59198.3,0.04222687,59212.7,0.112479,59198.2,0.04222702,59212.9,0.02010006,59198.1,0.21606475,59213.0,0.02,59198.0,0.356,59213.2,1.5e-05,59196.3,0.05432913,59214.0,0.0335,59196.0,0.0335,59214.1,0.1935,59195.4,1.501e-05,59215.1,0.00863223,59195.3,0.15155516,59215.2,0.01,2024-07-13 23:59:47.208000
133,59205.4,0.15669312,59205.5,0.12050035,59204.0,0.0335,59206.0,0.037157,59202.1,0.02010002,59206.6,0.00230274,59202.0,0.0335,59207.2,1.501e-05,59201.0,0.02160009,59208.0,0.0335,59200.9,0.036,59208.1,0.0375,59200.3,0.0422258,59209.9,0.03289141,59200.2,0.011704,59210.0,0.0335,59200.1,0.0375,59210.9,0.01013655,59200.0,0.0335,59211.3,0.00337929,59199.9,0.036,59212.0,0.0335,59198.4,0.00063505,59212.3,0.01118242,59198.3,0.04222687,59212.7,0.112479,59198.2,0.04222702,59212.9,0.02010006,59198.1,0.21606475,59213.0,0.02,59198.0,0.356,59213.2,1.5e-05,59196.3,0.05432913,59214.0,0.0335,59196.0,0.0335,59214.1,0.1935,59195.4,1.501e-05,59215.1,0.00863223,59195.3,0.15155516,59215.2,0.01,2024-07-13 23:59:47.308000
134,59205.4,0.15669312,59205.5,0.12050035,59204.0,0.0335,59206.0,0.037157,59202.1,0.02010002,59206.6,0.00230274,59202.0,0.0335,59207.2,1.501e-05,59201.0,0.02160009,59208.0,0.0335,59200.9,0.036,59208.1,0.0375,59200.3,0.0422258,59209.9,0.03289141,59200.2,0.011704,59210.0,0.0335,59200.1,0.0375,59210.9,0.01013655,59200.0,0.0335,59211.3,0.00337929,59199.9,0.036,59212.0,0.0335,59198.4,0.00063505,59212.3,0.01118242,59198.3,0.04222687,59212.7,0.112479,59198.2,0.04222702,59212.9,0.02010006,59198.1,0.21606475,59213.0,0.02,59198.0,0.356,59213.2,1.5e-05,59196.3,0.05432913,59214.0,0.0335,59196.0,0.0335,59214.1,0.1935,59195.4,1.501e-05,59215.1,0.00863223,59195.3,0.15155516,59215.2,0.01,2024-07-13 23:59:47.408000
135,59205.4,0.15669312,59205.5,0.12050035,59204.0,0.0335,59206.0,0.037157,59202.1,0.02010002,59206.6,0.00230274,59202.0,0.0335,59207.2,1.501e-05,59201.0,0.02160009,59208.0,0.0335,59200.9,0.036,59208.1,0.0375,59200.3,0.0422258,59209.9,0.03289141,59200.2,0.0422258,59210.0,0.0335,59200.1,0.0375,59210.9,0.01013655,59200.0,0.0335,59211.3,0.00337929,59199.9,0.036,59212.0,0.0335,59198.4,0.00063505,59212.6,0.0422258,59198.3,0.04222687,59212.7,0.112479,59198.2,0.04222702,59212.9,0.02010006,59198.1,0.21606475,59213.0,0.02,59198.0,0.356,59213.2,1.5e-05,59196.3,0.05432913,59214.0,0.0335,59196.0,0.0335,59214.1,0.1935,59195.4,1.501e-05,59215.1,0.00876379,59195.3,0.15155516,59215.2,0.01,2024-07-13 23:59:47.508000
136,59205.4,0.15669312,59205.5,0.12050035,59204.0,0.0335,59206.0,0.037157,59202.1,0.02010002,59206.6,0.00230274,59202.0,0.0335,59207.2,1.501e-05,59201.0,0.02160009,59208.0,0.0335,59200.9,0.036,59208.1,0.0375,59200.3,0.0422258,59209.9,0.03289141,59200.2,0.0422258,59210.0,0.0335,59200.1,0.0375,59210.9,0.01013655,59200.0,0.0335,59211.3,0.00337929,59199.9,0.036,59212.0,0.0335,59198.4,0.00063505,59212.6,0.0422258,59198.3,0.04222687,59212.7,0.112479,59198.2,0.04222702,59212.9,0.02010006,59198.1,0.21606475,59213.0,0.02,59198.0,0.356,59213.2,1.5e-05,59196.3,0.05432913,59214.0,0.0335,59196.0,0.0335,59214.1,0.1935,59195.4,1.501e-05,59215.1,0.00876379,59195.3,0.15155516,59215.2,0.01,2024-07-13 23:59:47.608000
137,59204.0,0.071,59204.1,0.27179,59202.1,0.02010002,59205.4,0.33948816,59202.0,0.0335,59205.5,0.40320035,59201.0,0.02533548,59206.0,0.070657,59200.3,0.0422258,59206.6,0.00230274,59200.2,0.0422258,59207.2,1.501e-05,59200.1,0.0375,59208.0,0.0335,59200.0,0.0335,59208.1,0.0375,59198.4,0.00063505,59210.0,0.0335,59198.3,0.04222687,59210.9,0.01013655,59198.2,0.04222702,59211.3,0.00337929,59198.1,0.21606475,59212.0,0.0335,59198.0,0.0335,59212.6,0.0422258,59196.3,0.05432913,59212.7,0.112479,59196.0,0.0335,59212.9,0.02010006,59195.4,1.501e-05,59213.0,0.02,59195.3,0.06000007,59213.2,1.5e-05,59195.0,0.1,59214.0,0.0335,59194.8,0.024,59214.1,0.1935,59194.5,0.00139035,59215.1,0.00876379,2024-07-13 23:59:47.708000
138,59204.0,0.071,59204.1,0.20753755,59202.1,0.02010002,59205.4,0.33948816,59202.0,0.0335,59205.5,0.40320035,59200.1,0.0375,59206.0,0.070657,59200.0,0.0335,59206.6,0.00230274,59198.4,0.19110008,59207.2,1.501e-05,59198.3,0.04222687,59208.0,0.0335,59198.2,0.04222702,59208.1,0.0375,59198.0,0.3185,59209.6,0.01118242,59197.5,0.011704,59209.9,0.02010007,59196.3,0.05432913,59210.0,0.0335,59196.0,0.0335,59210.9,0.01013655,59195.4,1.501e-05,59211.3,0.00337929,59195.3,0.06000007,59211.9,0.06748749,59195.0,0.1,59212.0,0.0335,59194.8,0.024,59212.6,0.0422258,59194.5,0.00139035,59212.7,0.112479,59194.0,0.0335,59213.0,0.02,59193.2,0.09613296,59213.2,1.5e-05,59192.7,0.00065209,59213.9,0.0003374,2024-07-13 23:59:47.808000
139,59204.0,0.071,59204.1,0.20753755,59202.1,0.02010002,59205.4,0.33948816,59202.0,0.0335,59205.5,0.40320035,59200.1,0.0375,59206.0,0.070657,59200.0,0.0335,59206.6,0.00230274,59198.4,0.19110008,59207.2,1.501e-05,59198.3,0.04222687,59208.0,0.0335,59198.2,0.04222702,59208.1,0.0375,59198.0,0.3185,59209.6,0.01118242,59197.5,0.011704,59209.9,0.02010007,59196.3,0.05432913,59210.0,0.0335,59196.0,0.0335,59210.9,0.01013655,59195.4,0.04224181,59211.3,0.00337929,59195.3,0.06000007,59211.9,0.06748749,59195.0,0.1,59212.0,0.0335,59194.8,0.024,59212.6,0.0422258,59194.5,0.00139035,59212.7,0.112479,59194.0,0.0335,59213.0,0.02,59193.4,0.00027015,59213.2,1.5e-05,59193.3,0.0422268,59213.9,0.0003374,2024-07-13 23:59:47.908000
140,59204.0,0.071,59204.1,0.20753755,59202.1,0.02010002,59205.4,0.33948816,59202.0,0.0335,59205.5,0.40320035,59200.1,0.0375,59206.0,0.070657,59200.0,0.0335,59206.6,0.00230274,59198.4,0.19110008,59207.2,1.501e-05,59198.3,0.04222687,59208.0,0.0335,59198.2,0.04222702,59208.1,0.0375,59198.0,0.3185,59209.6,0.01118242,59197.5,0.011704,59209.7,0.02010002,59196.3,0.05432913,59210.0,0.0335,59196.0,0.0335,59210.9,0.01013655,59195.4,0.04224181,59211.3,0.00337929,59195.3,0.06000007,59211.9,0.06748749,59195.0,0.1,59212.0,0.0335,59194.8,0.024,59212.6,0.0422258,59194.5,0.00139035,59212.7,0.112479,59194.0,0.0335,59213.0,0.02,59193.4,0.00027015,59213.2,1.5e-05,59193.3,0.0422268,59213.9,0.0003374,2024-07-13 23:59:48.008000
