,bid_prc1,bid_vol1,ask_prc1,ask_vol1,bid_prc2,bid_vol2,ask_prc2,ask_vol2,bid_prc3,bid_vol3,ask_prc3,ask_vol3,bid_prc4,bid_vol4,ask_prc4,ask_vol4,bid_prc5,bid_vol5,ask_prc5,ask_vol5,bid_prc6,bid_vol6,ask_prc6,ask_vol6,bid_prc7,bid_vol7,ask_prc7,ask_vol7,bid_prc8,bid_vol8,ask_prc8,ask_vol8,bid_prc9,bid_vol9,ask_prc9,ask_vol9,bid_prc10,bid_vol10,ask_prc10,ask_vol10,bid_prc11,bid_vol11,ask_prc11,ask_vol11,bid_prc12,bid_vol12,ask_prc12,ask_vol12,bid_prc13,bid_vol13,ask_prc13,ask_vol13,bid_prc14,bid_vol14,ask_prc14,ask_vol14,bid_prc15,bid_vol15,ask_prc15,ask_vol15,bid_prc16,bid_vol16,ask_prc16,ask_vol16,bid_prc17,bid_vol17,ask_prc17,ask_vol17,bid_prc18,bid_vol18,ask_prc18,ask_vol18,bid_prc19,bid_vol19,ask_prc19,ask_vol19,bid_prc20,bid_vol20,ask_prc20,ask_vol20,date
0,59257.32,0.00843,59257.33,0.01083,59252.87,0.00608,59263.26,0.00423,59246.63,0.01194,59263.27,0.00013,59246.62,0.03303,59269.21,0.00013,59246.44,0.00974,59273.14,0.00599,59245.83,0.00013,59273.15,0.00996,59239.87,0.00013,59275.0,0.00013,59233.91,0.00013,59275.15,0.00013,59231.58,0.01216,59280.1,0.00253,59231.57,0.03376,59281.09,0.00013,59227.95,0.00013,59283.34,0.00345,59227.15,0.00013,59287.03,0.00013,59221.99,0.00013,59292.71,0.01019,59216.03,0.00013,59292.72,0.01687,59210.07,0.00013,59292.74,0.00252,59204.11,0.00013,59292.97,0.00013,59200.0,0.00025,59294.92,0.00822,59198.15,0.00013,59298.91,0.00013,59197.39,0.00013,59304.14,0.00013,59192.19,0.00013,59304.85,0.00013,2024-07-13 23:59:33.945000
1,59257.32,0.00843,59257.33,0.01083,59246.63,0.01194,59263.26,0.00423,59246.62,0.03303,59263.27,0.00013,59246.44,0.00974,59269.21,0.00013,59245.83,0.00013,59273.14,0.00599,59239.87,0.00013,59273.15,0.00996,59233.91,0.00013,59275.0,0.00013,59231.58,0.01216,59275.15,0.00013,59231.57,0.03376,59280.1,0.00253,59227.95,0.00013,59281.09,0.00013,59227.15,0.00013,59283.34,0.00345,59221.99,0.00013,59287.03,0.00013,59216.03,0.00013,59292.71,0.01019,59210.07,0.00013,59292.72,0.01687,59204.11,0.00013,59292.74,0.00252,59200.0,0.00025,59292.97,0.00013,59198.15,0.00013,59294.92,0.00822,59197.39,0.00013,59298.91,0.00013,59192.19,0.00013,59304.14,0.00013,59186.23,0.00013,59304.85,0.00013,2024-07-13 23:59:34.045000
2,59257.32,0.00843,59257.33,0.01083,59246.63,0.01194,59263.26,0.00423,59246.62,0.03303,59263.27,0.00013,59246.44,0.00974,59269.21,0.00013,59245.83,0.00013,59273.13,0.00422,59239.87,0.00013,59273.14,0.00599,59233.91,0.00013,59273.15,0.00996,59231.58,0.01216,59275.0,0.00013,59231.57,0.03376,59275.15,0.00013,59227.95,0.00013,59280.1,0.00253,59227.15,0.00013,59281.09,0.00013,59221.99,0.00013,59283.34,0.00345,59216.03,0.00013,59287.03,0.00013,59210.07,0.00013,59292.71,0.01019,59204.11,0.00013,59292.72,0.01687,59200.0,0.00025,59292.74,0.00252,59198.15,0.00013,59292.97,0.00013,59197.39,0.00013,59294.92,0.00822,59192.19,0.00013,59298.91,0.00013,59186.23,0.00013,59304.14,0.00013,2024-07-13 23:59:34.145000
3,59257.32,0.00843,59257.33,0.01083,59246.63,0.01194,59263.26,0.00423,59246.62,0.03303,59263.27,0.00013,59246.44,0.00974,59269.21,0.00013,59245.83,0.00013,59273.14,0.00599,59239.87,0.00013,59273.15,0.00996,59233.91,0.00013,59275.0,0.00013,59231.58,0.01216,59275.15,0.00013,59231.57,0.03376,59280.1,0.00253,59227.95,0.00013,59281.09,0.00013,59227.15,0.00013,59283.34,0.00345,59221.99,0.00013,59287.03,0.00013,59216.03,0.00013,59292.71,0.01019,59210.07,0.00013,59292.72,0.01687,59204.11,0.00013,59292.74,0.00252,59200.0,0.00025,59292.97,0.00013,59198.15,0.00013,59294.92,0.00822,59197.39,0.00013,59298.91,0.00013,59192.19,0.00013,59304.14,0.00013,59186.23,0.00013,59304.85,0.00013,2024-07-13 23:59:34.445000
4,59257.32,0.00843,59257.33,0.01083,59246.63,0.01194,59263.26,0.00423,59246.62,0.03303,59263.27,0.00013,59246.44,0.00974,59269.21,0.00013,59245.83,0.00013,59273.14,0.00599,59239.87,0.00013,59273.15,0.00996,59233.91,0.00013,59275.0,0.00013,59231.58,0.01216,59275.15,0.00013,59231.57,0.03376,59280.1,0.00253,59227.95,0.00013,59281.09,0.00013,59227.15,0.00013,59283.34,0.00345,59221.99,0.00013,59287.02,0.01409,59216.03,0.00013,59287.03,0.00013,59210.07,0.00013,59292.71,0.01019,59204.11,0.00013,59292.72,0.01687,59200.0,0.00025,59292.74,0.00252,59198.15,0.00013,59292.97,0.00013,59197.39,0.00013,59294.92,0.00822,59192.19,0.00013,59298.91,0.00013,59186.23,0.00013,59304.14,0.00013,2024-07-13 23:59:34.946000
5,59257.32,0.00843,59257.33,0.01083,59246.63,0.01194,59263.26,0.00423,59246.62,0.03303,59263.27,0.00013,59246.44,0.00974,59269.21,0.00013,59245.83,0.00013,59273.13,0.00422,59239.87,0.00013,59273.14,0.00599,59233.91,0.00013,59273.15,0.00996,59231.58,0.01216,59275.0,0.00013,59231.57,0.03376,59275.15,0.00013,59227.95,0.00013,59280.1,0.00253,59227.15,0.00013,59281.09,0.00013,59221.99,0.00013,59283.34,0.00345,59216.03,0.00013,59287.01,0.00847,59210.07,0.00013,59287.02,0.01409,59204.11,0.00013,59287.03,0.00013,59200.0,0.00025,59292.71,0.01019,59198.15,0.00013,59292.72,0.01687,59197.39,0.00013,59292.74,0.00252,59192.19,0.00013,59292.97,0.00013,59186.23,0.00013,59294.92,0.00822,2024-07-13 23:59:35.046000
6,59257.32,0.00843,59257.33,0.01083,59246.63,0.01194,59263.26,0.00423,59246.62,0.03303,59263.27,0.00013,59246.44,0.00974,59269.21,0.00013,59245.83,0.00013,59273.13,0.00422,59239.87,0.00013,59273.14,0.00599,59233.91,0.00013,59273.15,0.00996,59231.58,0.01216,59275.0,0.00013,59231.57,0.03376,59275.15,0.00013,59227.95,0.00013,59280.1,0.00253,59227.15,0.00013,59281.09,0.00013,59221.99,0.00013,59283.34,0.00345,59216.03,0.00013,59287.01,0.00847,59210.07,0.00013,59287.03,0.00013,59204.11,0.00013,59292.71,0.01019,59200.0,0.00025,59292.72,0.01687,59198.15,0.00013,59292.74,0.00252,59197.39,0.00013,59292.97,0.00013,59192.19,0.00013,59294.92,0.00822,59186.23,0.00013,59298.91,0.00013,2024-07-13 23:59:35.346000
7,59257.32,0.00843,59257.33,0.01083,59246.63,0.01194,59263.26,0.00423,59246.62,0.03303,59263.27,0.00013,59246.44,0.00974,59269.21,0.00013,59245.83,0.00013,59273.13,0.00422,59239.87,0.00013,59273.14,0.00599,59233.91,0.00013,59273.15,0.00996,59231.58,0.01216,59275.0,0.00013,59231.57,0.03376,59275.15,0.00013,59227.95,0.00013,59280.1,0.00253,59227.15,0.00013,59281.09,0.00013,59221.99,0.00013,59283.34,0.00345,59216.03,0.00013,59287.03,0.00013,59210.07,0.00013,59292.71,0.01019,59204.11,0.00013,59292.72,0.01687,59200.0,0.00025,59292.74,0.00252,59198.15,0.00013,59292.97,0.00013,59197.39,0.00013,59294.92,0.00822,59192.19,0.00013,59298.91,0.00013,59186.23,0.00013,59304.14,0.00013,2024-07-13 23:59:35.446000
8,59257.32,0.00843,59257.33,0.01083,59246.63,0.01194,59263.26,0.00423,59246.62,0.03303,59263.27,0.00013,59246.44,0.00974,59267.03,0.00986,59245.83,0.00013,59269.21,0.00013,59239.87,0.00013,59273.13,0.00422,59233.91,0.00013,59273.14,0.00599,59231.58,0.01216,59273.15,0.00996,59231.57,0.03376,59275.0,0.00013,59227.95,0.00013,59275.15,0.00013,59227.15,0.00013,59280.1,0.00253,59221.99,0.00013,59281.09,0.00013,59216.03,0.00013,59283.34,0.00345,59210.07,0.00013,59287.03,0.00013,59204.11,0.00013,59292.71,0.01019,59200.0,0.00025,59292.72,0.01687,59198.15,0.00013,59292.74,0.00252,59197.39,0.00013,59292.97,0.00013,59192.19,0.00013,59294.92,0.00822,59186.23,0.00013,59298.91,0.00013,2024-07-13 23:59:36.246000
9,59257.32,0.00843,59257.33,0.01083,59246.63,0.01194,59263.26,0.00423,59246.62,0.03303,59263.27,0.00013,59246.44,0.00974,59267.02,0.00891,59245.83,0.00013,59267.03,0.00986,59239.87,0.00013,59269.21,0.00013,59233.91,0.00013,59273.15,0.00996,59231.58,0.01216,59275.0,0.00013,59231.57,0.03376,59275.15,0.00013,59227.95,0.00013,59280.1,0.00253,59227.15,0.00013,59281.09,0.00013,59221.99,0.00013,59283.34,0.00345,59216.03,0.00013,59287.03,0.00013,59210.07,0.00013,59292.71,0.01019,59204.11,0.00013,59292.72,0.01687,59200.0,0.00025,59292.74,0.00252,59198.15,0.00013,59292.97,0.00013,59197.39,0.00013,59294.92,0.00822,59192.19,0.00013,59298.91,0.00013,59186.23,0.00013,59304.14,0.00013,2024-07-13 23:59:36.346000
10,59257.32,0.00843,59257.33,0.01083,59246.63,0.01194,59263.26,0.00423,59246.62,0.03303,59263.27,0.00013,59246.44,0.00974,59267.01,0.01129,59245.83,0.00013,59267.02,0.00422,59239.87,0.00013,59267.03,0.00986,59233.91,0.00013,59269.21,0.00013,59231.58,0.01216,59273.15,0.00996,59231.57,0.03376,59275.0,0.00013,59227.95,0.00013,59275.15,0.00013,59227.15,0.00013,59280.1,0.00253,59221.99,0.00013,59281.09,0.00013,59216.03,0.00013,59283.34,0.00345,59210.07,0.00013,59287.03,0.00013,59204.11,0.00013,59292.71,0.01019,59200.0,0.00025,59292.72,0.01687,59198.15,0.00013,59292.74,0.00252,59197.39,0.00013,59292.97,0.00013,59192.19,0.00013,59294.92,0.00822,59186.23,0.00013,59298.91,0.00013,2024-07-13 23:59:36.446000
11,59257.32,0.00843,59257.33,0.01083,59246.63,0.01194,59263.26,0.00423,59246.62,0.03303,59263.27,0.00013,59246.44,0.00974,59267.0,0.00422,59245.83,0.00013,59267.01,0.01129,59239.87,0.00013,59267.03,0.00986,59233.91,0.00013,59269.21,0.00013,59231.58,0.01216,59273.15,0.00996,59231.57,0.03376,59275.0,0.00013,59227.95,0.00013,59275.15,0.00013,59227.15,0.00013,59280.1,0.00253,59221.99,0.00013,59281.09,0.00013,59216.03,0.00013,59283.34,0.00345,59210.07,0.00013,59287.03,0.00013,59204.11,0.00013,59292.71,0.01019,59200.0,0.00025,59292.72,0.01687,59198.15,0.00013,59292.74,0.00252,59197.39,0.00013,59292.97,0.00013,59192.19,0.00013,59294.92,0.00822,59186.23,0.00013,59298.91,0.00013,2024-07-13 23:59:36.546000
12,59257.32,0.00843,59257.33,0.01083,59246.63,0.01194,59263.26,0.00423,59246.62,0.03303,59263.27,0.00013,59246.44,0.00974,59266.99,0.00849,59245.83,0.00013,59267.0,0.00422,59239.87,0.00013,59267.03,0.00986,59233.91,0.00013,59269.21,0.00013,59231.58,0.01216,59273.15,0.00996,59231.57,0.03376,59275.0,0.00013,59227.95,0.00013,59275.15,0.00013,59227.15,0.00013,59280.1,0.00253,59221.99,0.00013,59281.09,0.00013,59216.03,0.00013,59283.34,0.00345,59210.07,0.00013,59287.03,0.00013,59204.11,0.00013,59292.71,0.01019,59200.0,0.00025,59292.72,0.01687,59198.15,0.00013,59292.74,0.00252,59197.39,0.00013,59292.97,0.00013,59192.19,0.00013,59294.92,0.00822,59186.23,0.00013,59298.91,0.00013,2024-07-13 23:59:36.646000
13,59257.32,0.00843,59257.33,0.01083,59246.63,0.01194,59263.26,0.00423,59246.62,0.03303,59263.27,0.00013,59246.44,0.00974,59266.98,0.00422,59245.83,0.00013,59266.99,0.00849,59239.87,0.00013,59267.03,0.00986,59233.91,0.00013,59269.21,0.00013,59231.58,0.01216,59273.15,0.00996,59231.57,0.03376,59275.0,0.00013,59227.95,0.00013,59275.15,0.00013,59227.15,0.00013,59280.1,0.00253,59221.99,0.00013,59281.09,0.00013,59216.03,0.00013,59283.34,0.00345,59210.07,0.00013,59287.03,0.00013,59204.11,0.00013,59292.71,0.01019,59200.0,0.00025,59292.72,0.01687,59198.15,0.00013,59292.74,0.00252,59197.39,0.00013,59292.97,0.00013,59192.19,0.00013,59294.92,0.00822,59186.23,0.00013,59298.91,0.00013,2024-07-13 23:59:36.747000
14,59257.32,0.00843,59257.33,0.01083,59246.63,0.01194,59263.26,0.00423,59246.62,0.03303,59263.27,0.00013,59246.44,0.00974,59266.97,0.0085,59245.83,0.00013,59266.98,0.00422,59239.87,0.00013,59267.03,0.00986,59233.91,0.00013,59269.21,0.00013,59231.58,0.01216,59273.15,0.00996,59231.57,0.03376,59275.0,0.00013,59227.95,0.00013,59275.15,0.00013,59227.15,0.00013,59280.1,0.00253,59221.99,0.00013,59281.09,0.00013,59216.03,0.00013,59283.34,0.00345,59210.07,0.00013,59287.03,0.00013,59204.11,0.00013,59292.71,0.01019,59200.0,0.00025,59292.72,0.01687,59198.15,0.00013,59292.74,0.00252,59197.39,0.00013,59292.97,0.00013,59192.19,0.00013,59294.92,0.00822,59186.23,0.00013,59298.91,0.00013,2024-07-13 23:59:36.847000
15,59257.32,0.00843,59257.33,0.01083,59246.63,0.01194,59263.26,0.00423,59246.62,0.03303,59263.27,0.00013,59246.44,0.00974,59266.96,0.00422,59245.83,0.00013,59266.97,0.0085,59239.87,0.00013,59267.03,0.00986,59233.91,0.00013,59269.21,0.00013,59231.58,0.01216,59273.15,0.00996,59231.57,0.03376,59275.0,0.00013,59227.95,0.00013,59275.15,0.00013,59227.15,0.00013,59280.1,0.00253,59221.99,0.00013,59281.09,0.00013,59216.03,0.00013,59283.34,0.00345,59210.07,0.00013,59287.03,0.00013,59204.11,0.00013,59292.71,0.01019,59200.0,0.00025,59292.72,0.01687,59198.15,0.00013,59292.74,0.00252,59197.39,0.00013,59292.97,0.00013,59192.19,0.00013,59294.92,0.00822,59186.23,0.00013,59298.91,0.00013,2024-07-13 23:59:36.947000
16,59257.32,0.00843,59257.33,0.01083,59246.63,0.01194,59263.26,0.00423,59246.62,0.03303,59263.27,0.00013,59246.44,0.00974,59266.95,0.00852,59245.83,0.00013,59266.96,0.00422,59239.87,0.00013,59267.03,0.00986,59233.91,0.00013,59269.21,0.00013,59231.58,0.01216,59273.15,0.00996,59231.57,0.03376,59275.0,0.00013,59227.95,0.00013,59275.15,0.00013,59227.15,0.00013,59280.1,0.00253,59221.99,0.00013,59281.09,0.00013,59216.03,0.00013,59283.34,0.00345,59210.07,0.00013,59287.03,0.00013,59204.11,0.00013,59292.71,0.01019,59200.0,0.00025,59292.72,0.01687,59198.15,0.00013,59292.74,0.00252,59197.39,0.00013,59292.97,0.00013,59192.19,0.00013,59294.92,0.00822,59186.23,0.00013,59298.91,0.00013,2024-07-13 23:59:37.047000
17,59257.32,0.00843,59257.33,0.01083,59246.63,0.01194,59263.26,0.00423,59246.62,0.03303,59263.27,0.00013,59246.44,0.00974,59266.94,0.00422,59245.83,0.00013,59266.95,0.00852,59239.87,0.00013,59267.03,0.00986,59233.91,0.00013,59269.21,0.00013,59231.58,0.01216,59273.15,0.00996,59231.57,0.03376,59275.0,0.00013,59227.95,0.00013,59275.15,0.00013,59227.15,0.00013,59280.1,0.00253,59221.99,0.00013,59281.09,0.00013,59216.03,0.00013,59283.34,0.00345,59210.07,0.00013,59287.03,0.00013,59204.11,0.00013,59292.71,0.01019,59200.0,0.00025,59292.72,0.01687,59198.15,0.00013,59292.74,0.00252,59197.39,0.00013,59292.97,0.00013,59192.19,0.00013,59294.92,0.00822,59186.23,0.00013,59298.91,0.00013,2024-07-13 23:59:37.147000
18,59257.32,0.00843,59257.33,0.01083,59246.63,0.01194,59263.26,0.00423,59246.62,0.03303,59263.27,0.00013,59246.44,0.00974,59266.93,0.00853,59245.83,0.00013,59266.94,0.00422,59239.87,0.00013,59267.03,0.00986,59233.91,0.00013,59269.21,0.00013,59231.58,0.01216,59273.15,0.00996,59231.57,0.03376,59275.0,0.00013,59227.95,0.00013,59275.15,0.00013,59227.15,0.00013,59280.1,0.00253,59221.99,0.00013,59281.09,0.00013,59216.03,0.00013,59283.34,0.00345,59210.07,0.00013,59287.03,0.00013,59204.11,0.00013,59292.71,0.01019,59200.0,0.00025,59292.72,0.01687,59198.15,0.00013,59292.74,0.00252,59197.39,0.00013,59292.97,0.00013,59192.19,0.00013,59294.92,0.00822,59186.23,0.00013,59298.91,0.00013,2024-07-13 23:59:37.247000
19,59257.32,0.00843,59257.33,0.01083,59246.63,0.01194,59263.26,0.00423,59246.62,0.03303,59263.27,0.00013,59246.44,0.00974,59266.92,0.00422,59245.83,0.00013,59266.93,0.00853,59239.87,0.00013,59267.03,0.00986,59233.91,0.00013,59269.21,0.00013,59231.58,0.01216,59273.15,0.00996,59231.57,0.03376,59275.0,0.00013,59227.95,0.00013,59275.15,0.00013,59227.15,0.00013,59280.1,0.00253,59221.99,0.00013,59281.09,0.00013,59216.03,0.00013,59283.34,0.00345,59210.07,0.00013,59287.03,0.00013,59204.11,0.00013,59292.71,0.01019,59200.0,0.00025,59292.72,0.01687,59198.15,0.00013,59292.74,0.00252,59197.39,0.00013,59292.97,0.00013,59192.19,0.00013,59294.92,0.00822,59186.23,0.00013,59298.91,0.00013,2024-07-13 23:59:37.347000
20,59257.32,0.00843,59257.33,0.01083,59246.63,0.01194,59263.26,0.00423,59246.62,0.03303,59263.27,0.00013,59246.44,0.00974,59266.91,0.00854,59245.83,0.00013,59269.21,0.00013,59239.87,0.00013,59273.15,0.00996,59233.91,0.00013,59275.0,0.00013,59231.58,0.01216,59275.15,0.00013,59231.57,0.03376,59280.1,0.00253,59227.95,0.00013,59281.09,0.00013,59227.15,0.00013,59283.34,0.00345,59221.99,0.00013,59287.03,0.00013,59216.03,0.00013,59292.71,0.01019,59210.07,0.00013,59292.72,0.01687,59204.11,0.00013,59292.74,0.00252,59200.0,0.00025,59292.97,0.00013,59198.15,0.00013,59294.92,0.00822,59197.39,0.00013,59298.91,0.00013,59192.19,0.00013,59304.14,0.00013,59186.23,0.00013,59304.85,0.00013,2024-07-13 23:59:37.447000
21,59257.32,0.00843,59257.33,0.01083,59246.63,0.01194,59263.26,0.00423,59246.62,0.03303,59263.27,0.00013,59246.44,0.00974,59269.21,0.00013,59245.83,0.00013,59273.14,0.00598,59239.87,0.00013,59273.15,0.00996,59233.91,0.00013,59275.0,0.00013,59231.58,0.01216,59275.15,0.00013,59231.57,0.03376,59280.1,0.00253,59227.95,0.00013,59281.09,0.00013,59227.15,0.00013,59283.34,0.00345,59221.99,0.00013,59287.03,0.00013,59216.03,0.00013,59292.71,0.01019,59210.07,0.00013,59292.72,0.01687,59204.11,0.00013,59292.74,0.00252,59200.0,0.00025,59292.97,0.00013,59198.15,0.00013,59294.92,0.00822,59197.39,0.00013,59298.91,0.00013,59192.19,0.00013,59304.14,0.00013,59186.23,0.00013,59304.85,0.00013,2024-07-13 23:59:37.547000
22,59257.32,0.00843,59257.33,0.01083,59246.63,0.01194,59263.26,0.00423,59246.62,0.03303,59263.27,0.00013,59246.44,0.00974,59269.21,0.00013,59245.83,0.00013,59273.14,0.00598,59239.87,0.00013,59273.15,0.00996,59233.91,0.00013,59275.0,0.00013,59231.58,0.01216,59275.15,0.00013,59231.57,0.03376,59280.1,0.00253,59227.95,0.00013,59281.09,0.00013,59227.15,0.00013,59283.34,0.00345,59221.99,0.00013,59287.02,0.01349,59216.03,0.00013,59287.03,0.00013,59210.07,0.00013,59292.71,0.01019,59204.11,0.00013,59292.72,0.01687,59200.0,0.00025,59292.74,0.00252,59198.15,0.00013,59292.97,0.00013,59197.39,0.00013,59294.92,0.00822,59192.19,0.00013,59298.91,0.00013,59186.23,0.00013,59304.14,0.00013,2024-07-13 23:59:38.748000
23,59257.32,0.00843,59257.33,0.01083,59246.63,0.01194,59263.26,0.00423,59246.62,0.03303,59263.27,0.00013,59246.44,0.00974,59269.21,0.00013,59245.83,0.00013,59273.14,0.00598,59239.87,0.00013,59273.15,0.00996,59233.91,0.00013,59275.0,0.00013,59231.58,0.01216,59275.15,0.00013,59231.57,0.03376,59280.1,0.00253,59227.95,0.00013,59281.09,0.00013,59227.15,0.00013,59283.34,0.00345,59221.99,0.00013,59287.01,0.0081,59216.03,0.00013,59287.02,0.01349,59210.07,0.00013,59287.03,0.00013,59204.11,0.00013,59292.71,0.01019,59200.0,0.00025,59292.72,0.01687,59198.15,0.00013,59292.74,0.00252,59197.39,0.00013,59292.97,0.00013,59192.19,0.00013,59294.92,0.00822,59186.23,0.00013,59298.91,0.00013,2024-07-13 23:59:38.848000
24,59257.32,0.00843,59257.33,0.01083,59246.63,0.01194,59263.26,0.00423,59246.62,0.03303,59263.27,0.00013,59246.44,0.00974,59269.21,0.00013,59245.83,0.00013,59273.13,0.00422,59239.87,0.00013,59273.14,0.00598,59233.91,0.00013,59273.15,0.00996,59231.58,0.01216,59275.0,0.00013,59231.57,0.03376,59275.15,0.00013,59227.95,0.00013,59280.1,0.00253,59227.15,0.00013,59281.09,0.00013,59221.99,0.00013,59283.34,0.00345,59216.03,0.00013,59287.01,0.0081,59210.07,0.00013,59287.02,0.01349,59204.11,0.00013,59287.03,0.00013,59200.0,0.00025,59292.71,0.01019,59198.15,0.00013,59292.72,0.01687,59197.39,0.00013,59292.74,0.00252,59192.19,0.00013,59292.97,0.00013,59186.23,0.00013,59294.92,0.00822,2024-07-13 23:59:41.049000
25,59257.32,0.00843,59257.33,0.01083,59246.63,0.01194,59263.26,0.00423,59246.62,0.03303,59263.27,0.00013,59246.44,0.00974,59269.21,0.00013,59245.83,0.00013,59273.13,0.00422,59239.87,0.00013,59273.14,0.00598,59233.91,0.00013,59273.15,0.00996,59231.58,0.01216,59275.0,0.00013,59231.57,0.03376,59275.15,0.00013,59227.95,0.00013,59280.1,0.00253,59227.15,0.00013,59281.09,0.00013,59221.99,0.00013,59283.34,0.00345,59216.03,0.00013,59287.01,0.0081,59210.07,0.00013,59287.02,0.01349,59204.11,0.00013,59287.03,0.00013,59200.0,0.00025,59292.71,0.01019,59198.15,0.00013,59292.72,0.01687,59197.39,0.00013,59292.74,0.00252,59192.19,0.00013,59292.97,0.00013,59186.23,0.00013,59294.92,0.00822,2024-07-13 23:59:41.149000
26,59257.32,0.00843,59257.33,0.01083,59246.63,0.01194,59263.26,0.00423,59246.62,0.03303,59263.27,0.00013,59246.44,0.00974,59269.21,0.00013,59245.83,0.00013,59273.13,0.00422,59239.87,0.00013,59273.14,0.00598,59233.91,0.00013,59273.15,0.00996,59231.58,0.01216,59275.0,0.00013,59231.57,0.03376,59275.15,0.00013,59227.95,0.00013,59280.1,0.00253,59227.15,0.00013,59281.09,0.00013,59221.99,0.00013,59283.34,0.00345,59216.03,0.00013,59287.01,0.0081,59210.07,0.00013,59287.02,0.01349,59204.11,0.00013,59287.03,0.00013,59200.0,0.00025,59292.71,0.01019,59198.15,0.00013,59292.72,0.01687,59197.39,0.00013,59292.74,0.00252,59192.19,0.00013,59292.97,0.00013,59186.23,0.00013,59294.92,0.00822,2024-07-13 23:59:41.249000
27,59257.32,0.00843,59257.33,0.01083,59246.63,0.01194,59263.26,0.00423,59246.62,0.03303,59263.27,0.00013,59246.44,0.00974,59269.21,0.00013,59245.83,0.00013,59273.13,0.00422,59239.87,0.00013,59273.14,0.00598,59233.91,0.00013,59273.15,0.00996,59231.58,0.01216,59275.0,0.00013,59231.57,0.03376,59275.15,0.00013,59227.95,0.00013,59280.1,0.00253,59227.15,0.00013,59281.09,0.00013,59221.99,0.00013,59283.34,0.00345,59216.03,0.00013,59287.01,0.0081,59210.07,0.00013,59287.02,0.01349,59204.11,0.00013,59287.03,0.00013,59200.0,0.00025,59292.71,0.01019,59198.15,0.00013,59292.72,0.01687,59197.39,0.00013,59292.74,0.00252,59192.19,0.00013,59292.97,0.00013,59186.23,0.00013,59294.92,0.00822,2024-07-13 23:59:41.549000
28,59257.32,0.00843,59257.33,0.01083,59246.63,0.01194,59263.26,0.00423,59246.62,0.03303,59263.27,0.00013,59246.44,0.00974,59269.21,0.00013,59245.83,0.00013,59273.13,0.00422,59239.87,0.00013,59273.14,0.00598,59233.91,0.00013,59273.15,0.00996,59231.58,0.01216,59275.0,0.00013,59231.57,0.03376,59275.15,0.00013,59227.95,0.00013,59280.1,0.00253,59227.15,0.00013,59281.09,0.00013,59221.99,0.00013,59283.34,0.00345,59216.03,0.00013,59287.0,0.01339,59210.07,0.00013,59287.01,0.0081,59204.11,0.00013,59287.03,0.00013,59200.0,0.00025,59292.71,0.01019,59198.15,0.00013,59292.72,0.01687,59197.39,0.00013,59292.74,0.00252,59194.27,0.00845,59292.97,0.00013,59192.19,0.00013,59294.92,0.00822,2024-07-13 23:59:42.149000
29,59257.32,0.00843,59257.33,0.01083,59246.63,0.01194,59263.25,0.00422,59246.62,0.03303,59263.26,0.00423,59245.83,0.00013,59263.27,0.00013,59239.87,0.00013,59269.21,0.00013,59233.91,0.00013,59273.14,0.00598,59231.58,0.01216,59273.15,0.00996,59231.57,0.03376,59275.0,0.00013,59227.95,0.00013,59275.15,0.00013,59227.15,0.00013,59280.1,0.00253,59221.99,0.00013,59281.09,0.00013,59216.03,0.00013,59283.34,0.00345,59210.07,0.00013,59286.99,0.00469,59204.11,0.00013,59287.0,0.01339,59200.0,0.00025,59287.03,0.00013,59198.15,0.00013,59292.71,0.01019,59197.39,0.00013,59292.72,0.01687,59194.27,0.00845,59292.74,0.00252,59192.19,0.00013,59292.97,0.00013,59186.23,0.00013,59294.92,0.00822,2024-07-13 23:59:42.250000
30,59257.32,0.00843,59257.33,0.01083,59246.63,0.01194,59263.24,0.00517,59246.62,0.03303,59263.25,0.00422,59245.83,0.00013,59263.26,0.00423,59239.87,0.00013,59263.27,0.00013,59233.91,0.00013,59269.21,0.00013,59231.58,0.01216,59273.15,0.00996,59231.57,0.03376,59275.0,0.00013,59227.95,0.00013,59275.15,0.00013,59227.15,0.00013,59280.1,0.00253,59221.99,0.00013,59281.09,0.00013,59216.03,0.00013,59283.34,0.00345,59210.07,0.00013,59286.99,0.00469,59204.11,0.00013,59287.0,0.01339,59200.0,0.00025,59287.03,0.00013,59198.15,0.00013,59292.71,0.01019,59197.39,0.00013,59292.72,0.01687,59192.19,0.00013,59292.74,0.00252,59186.23,0.00013,59292.97,0.00013,59180.27,0.00013,59294.92,0.00822,2024-07-13 23:59:42.350000
31,59257.32,0.00843,59257.33,0.01083,59246.63,0.00757,59263.23,0.00422,59246.62,0.03303,59263.24,0.00517,59245.83,0.00013,59263.26,0.00423,59239.87,0.00013,59263.27,0.00013,59233.91,0.00013,59269.21,0.00013,59231.58,0.01216,59273.15,0.00996,59231.57,0.03376,59275.0,0.00013,59227.95,0.00013,59275.15,0.00013,59227.15,0.00013,59280.1,0.00253,59221.99,0.00013,59281.09,0.00013,59216.03,0.00013,59283.34,0.00345,59210.07,0.00013,59286.99,0.00469,59204.11,0.00013,59287.0,0.01339,59200.0,0.00025,59287.03,0.00013,59198.15,0.00013,59292.71,0.01019,59197.39,0.00013,59292.72,0.01687,59192.19,0.00013,59292.74,0.00252,59186.23,0.00013,59292.97,0.00013,59180.27,0.00013,59294.92,0.00822,2024-07-13 23:59:42.450000
32,59257.32,0.00843,59257.33,0.01083,59246.63,0.00757,59263.22,0.00519,59246.62,0.03303,59263.23,0.00422,59245.83,0.00013,59263.26,0.00423,59239.87,0.00013,59263.27,0.00013,59233.91,0.00013,59269.21,0.00013,59231.58,0.01216,59273.15,0.00996,59231.57,0.03376,59275.0,0.00013,59227.95,0.00013,59275.15,0.00013,59227.15,0.00013,59280.1,0.00253,59221.99,0.00013,59281.09,0.00013,59216.03,0.00013,59283.34,0.00345,59210.07,0.00013,59286.99,0.00469,59204.11,0.00013,59287.0,0.01339,59200.0,0.00025,59287.03,0.00013,59198.15,0.00013,59292.71,0.01019,59197.39,0.00013,59292.72,0.01687,59194.22,0.00843,59292.74,0.00252,59192.19,0.00013,59292.97,0.00013,59186.23,0.00013,59294.92,0.00822,2024-07-13 23:59:42.550000
33,59257.32,0.00843,59257.33,0.01083,59246.63,0.00757,59263.21,0.00422,59246.62,0.03303,59263.22,0.00519,59245.83,0.00013,59263.26,0.00423,59243.92,0.00988,59263.27,0.00013,59239.87,0.00013,59269.21,0.00013,59233.91,0.00013,59273.15,0.00996,59231.58,0.01216,59275.0,0.00013,59231.57,0.03376,59275.15,0.00013,59227.95,0.00013,59280.1,0.00253,59227.15,0.00013,59281.09,0.00013,59221.99,0.00013,59283.34,0.00345,59216.03,0.00013,59286.99,0.00469,59210.07,0.00013,59287.0,0.01339,59204.11,0.00013,59287.03,0.00013,59200.0,0.00025,59292.71,0.01019,59198.15,0.00013,59292.72,0.01687,59197.39,0.00013,59292.74,0.00252,59194.22,0.00843,59292.97,0.00013,59192.19,0.00013,59294.92,0.00822,2024-07-13 23:59:42.650000
34,59257.32,0.00843,59257.33,0.01083,59246.63,0.00757,59263.2,0.0052,59246.62,0.03303,59263.21,0.00422,59245.83,0.00013,59263.26,0.00423,59243.92,0.00988,59263.27,0.00013,59239.87,0.00013,59269.21,0.00013,59233.91,0.00013,59273.15,0.00996,59231.58,0.01216,59275.0,0.00013,59231.57,0.03376,59275.15,0.00013,59227.95,0.00013,59280.1,0.00253,59227.15,0.00013,59281.09,0.00013,59221.99,0.00013,59283.34,0.00345,59216.03,0.00013,59286.99,0.00469,59210.07,0.00013,59287.0,0.01339,59204.11,0.00013,59287.03,0.00013,59200.0,0.00025,59292.71,0.01019,59198.15,0.00013,59292.72,0.01687,59197.39,0.00013,59292.74,0.00252,59192.19,0.00013,59292.97,0.00013,59186.23,0.00013,59294.92,0.00822,2024-07-13 23:59:42.750000
35,59257.32,0.00843,59257.33,0.01083,59246.63,0.00757,59263.19,0.00422,59246.62,0.03303,59263.2,0.0052,59245.83,0.00013,59263.26,0.00423,59243.92,0.00988,59263.27,0.00013,59239.87,0.00013,59269.21,0.00013,59233.91,0.00013,59273.15,0.00996,59231.58,0.01216,59275.0,0.00013,59231.57,0.03376,59275.15,0.00013,59227.95,0.00013,59280.1,0.00253,59227.15,0.00013,59281.09,0.00013,59221.99,0.00013,59283.34,0.00345,59216.03,0.00013,59286.99,0.00469,59210.07,0.00013,59287.0,0.01339,59204.11,0.00013,59287.03,0.00013,59200.0,0.00025,59292.71,0.01019,59198.15,0.00013,59292.72,0.01687,59197.39,0.00013,59292.74,0.00252,59192.19,0.00013,59292.97,0.00013,59186.23,0.00013,59294.92,0.00822,2024-07-13 23:59:42.850000
36,59257.32,0.00843,59257.33,0.01083,59246.63,0.00757,59263.18,0.00521,59246.62,0.03303,59263.19,0.00422,59245.83,0.00013,59263.26,0.00423,59243.92,0.00988,59263.27,0.00013,59239.87,0.00013,59269.21,0.00013,59233.91,0.00013,59273.15,0.00996,59231.58,0.01216,59275.0,0.00013,59231.57,0.03376,59275.15,0.00013,59227.95,0.00013,59280.1,0.00253,59227.15,0.00013,59281.09,0.00013,59221.99,0.00013,59283.34,0.00345,59216.03,0.00013,59286.99,0.00469,59210.07,0.00013,59287.0,0.01339,59204.11,0.00013,59287.03,0.00013,59200.0,0.00025,59292.71,0.01019,59198.15,0.00013,59292.72,0.01687,59197.39,0.00013,59292.74,0.00252,59192.19,0.00013,59292.97,0.00013,59186.23,0.00013,59294.92,0.00822,2024-07-13 23:59:42.950000
37,59257.32,0.00843,59257.33,0.01083,59246.63,0.00757,59263.17,0.00422,59246.62,0.03303,59263.18,0.00521,59245.83,0.00013,59263.26,0.00423,59243.92,0.00988,59263.27,0.00013,59239.87,0.00013,59269.21,0.00013,59233.91,0.00013,59273.15,0.00996,59231.58,0.01216,59275.0,0.00013,59231.57,0.03376,59275.15,0.00013,59227.95,0.00013,59280.1,0.00253,59227.15,0.00013,59281.09,0.00013,59221.99,0.00013,59283.34,0.00345,59216.03,0.00013,59286.99,0.00469,59210.07,0.00013,59287.0,0.01339,59204.11,0.00013,59287.03,0.00013,59200.0,0.00025,59292.71,0.01019,59198.15,0.00013,59292.72,0.01687,59197.39,0.00013,59292.74,0.00252,59192.19,0.00013,59292.97,0.00013,59186.23,0.00013,59294.92,0.00822,2024-07-13 23:59:43.050000
38,59257.32,0.00843,59257.33,0.01083,59246.63,0.00757,59263.16,0.00522,59246.62,0.03303,59263.17,0.00422,59245.83,0.00013,59263.26,0.00423,59243.92,0.00988,59263.27,0.00013,59239.87,0.00013,59269.21,0.00013,59233.91,0.00013,59273.15,0.00996,59231.58,0.01216,59275.0,0.00013,59231.57,0.03376,59275.15,0.00013,59227.95,0.00013,59280.1,0.00253,59227.15,0.00013,59281.09,0.00013,59221.99,0.00013,59283.34,0.00345,59216.03,0.00013,59286.99,0.00469,59210.07,0.00013,59287.0,0.01339,59204.11,0.00013,59287.03,0.00013,59200.0,0.00025,59292.71,0.01019,59198.15,0.00013,59292.72,0.01687,59197.39,0.00013,59292.74,0.00252,59192.19,0.00013,59292.97,0.00013,59186.23,0.00013,59294.92,0.00822,2024-07-13 23:59:43.150000
39,59257.32,0.00843,59257.33,0.01083,59246.63,0.00757,59263.15,0.00422,59246.62,0.03303,59263.16,0.00522,59245.83,0.00013,59263.26,0.00423,59243.92,0.00988,59263.27,0.00013,59239.87,0.00013,59269.21,0.00013,59233.91,0.00013,59273.15,0.00996,59231.58,0.01216,59275.0,0.00013,59231.57,0.03376,59275.15,0.00013,59227.95,0.00013,59280.1,0.00253,59227.15,0.00013,59281.09,0.00013,59221.99,0.00013,59283.34,0.00345,59216.03,0.00013,59286.99,0.00469,59210.07,0.00013,59287.0,0.01339,59204.11,0.00013,59287.03,0.00013,59200.0,0.00025,59292.71,0.01019,59198.15,0.00013,59292.72,0.01687,59197.39,0.00013,59292.74,0.00252,59193.49,0.00843,59292.97,0.00013,59192.19,0.00013,59294.92,0.00822,2024-07-13 23:59:43.250000
40,59257.32,0.00843,59257.33,0.01083,59246.63,0.00757,59263.14,0.00524,59246.62,0.03303,59263.15,0.00422,59245.83,0.00013,59263.26,0.00423,59243.92,0.00988,59263.27,0.00013,59239.87,0.00013,59269.21,0.00013,59233.91,0.00013,59273.15,0.00996,59231.58,0.01216,59275.0,0.00013,59231.57,0.03376,59275.15,0.00013,59227.95,0.00013,59280.1,0.00253,59227.15,0.00013,59281.09,0.00013,59221.99,0.00013,59283.34,0.00345,59216.03,0.00013,59286.99,0.00469,59210.07,0.00013,59287.0,0.01339,59204.11,0.00013,59287.03,0.00013,59200.0,0.00025,59292.71,0.01019,59198.15,0.00013,59292.72,0.01687,59197.39,0.00013,59292.74,0.00252,59193.5,0.00514,59292.97,0.00013,59193.49,0.00843,59294.92,0.00822,2024-07-13 23:59:43.350000
41,59257.32,0.00843,59257.33,0.01083,59246.63,0.00757,59263.13,0.00422,59246.62,0.03303,59263.14,0.00524,59245.83,0.00013,59263.26,0.00423,59243.92,0.00988,59263.27,0.00013,59239.87,0.00013,59269.21,0.00013,59233.91,0.00013,59273.15,0.00996,59231.58,0.01216,59275.0,0.00013,59231.57,0.03376,59275.15,0.00013,59227.95,0.00013,59280.1,0.00253,59227.15,0.00013,59281.09,0.00013,59221.99,0.00013,59283.34,0.00345,59216.03,0.00013,59286.99,0.00469,59210.07,0.00013,59287.0,0.01339,59204.11,0.00013,59287.03,0.00013,59200.0,0.00025,59292.71,0.01019,59198.15,0.00013,59292.72,0.01687,59197.39,0.00013,59292.74,0.00252,59193.5,0.00514,59292.97,0.00013,59193.49,0.00843,59294.92,0.00822,2024-07-13 23:59:43.450000
42,59257.32,0.00843,59257.33,0.01083,59246.63,0.00757,59263.12,0.00515,59246.62,0.03303,59263.13,0.00422,59245.83,0.00013,59263.26,0.00423,59243.92,0.00988,59263.27,0.00013,59239.87,0.00013,59266.42,0.01,59233.91,0.00013,59269.21,0.00013,59231.58,0.01216,59273.15,0.00996,59231.57,0.03376,59275.0,0.00013,59227.95,0.00013,59275.15,0.00013,59227.15,0.00013,59280.1,0.00253,59221.99,0.00013,59281.09,0.00013,59216.03,0.00013,59283.34,0.00345,59210.07,0.00013,59286.99,0.00469,59204.11,0.00013,59287.0,0.01339,59200.0,0.00025,59287.03,0.00013,59198.15,0.00013,59292.71,0.01019,59197.39,0.00013,59292.72,0.01687,59193.5,0.00514,59292.74,0.00252,59192.19,0.00013,59292.97,0.00013,2024-07-13 23:59:43.550000
43,59257.32,0.00843,59257.33,0.01083,59246.63,0.00757,59263.11,0.00422,59246.62,0.03303,59263.12,0.00515,59245.83,0.00013,59263.26,0.00423,59243.92,0.00988,59263.27,0.00013,59239.87,0.00013,59266.42,0.01,59233.91,0.00013,59269.21,0.00013,59231.58,0.01216,59273.14,0.00599,59231.57,0.03376,59273.15,0.00996,59227.95,0.00013,59275.0,0.00013,59227.15,0.00013,59275.15,0.00013,59221.99,0.00013,59280.1,0.00253,59216.03,0.00013,59281.09,0.00013,59210.07,0.00013,59283.34,0.00345,59204.11,0.00013,59286.99,0.00469,59200.0,0.00025,59287.0,0.01339,59198.15,0.00013,59287.03,0.00013,59197.39,0.00013,59292.71,0.01019,59192.19,0.00013,59292.72,0.01687,59191.23,0.00838,59292.74,0.00252,2024-07-13 23:59:43.650000
44,59257.32,0.00843,59257.33,0.01083,59246.63,0.00757,59263.1,0.00517,59246.62,0.03303,59263.11,0.00422,59245.83,0.00013,59263.26,0.00423,59243.92,0.00988,59263.27,0.00013,59239.87,0.00013,59266.42,0.01,59233.91,0.00013,59269.21,0.00013,59231.58,0.01216,59273.14,0.00599,59231.57,0.03376,59273.15,0.00996,59227.95,0.00013,59275.0,0.00013,59227.15,0.00013,59275.15,0.00013,59221.99,0.00013,59280.1,0.00253,59216.03,0.00013,59281.09,0.00013,59210.07,0.00013,59283.34,0.00345,59204.11,0.00013,59286.99,0.00469,59200.0,0.00025,59287.0,0.01339,59198.15,0.00013,59287.03,0.00013,59197.39,0.00013,59292.71,0.01019,59192.19,0.00013,59292.72,0.01687,59191.23,0.00838,59292.74,0.00252,2024-07-13 23:59:43.750000
45,59257.32,0.00843,59257.33,0.01083,59246.63,0.00757,59263.09,0.00422,59246.62,0.03303,59263.1,0.00517,59245.83,0.00013,59263.26,0.00423,59243.92,0.00988,59263.27,0.00013,59239.87,0.00013,59266.42,0.01,59233.91,0.00013,59269.21,0.00013,59231.58,0.01216,59273.14,0.00599,59231.57,0.03376,59273.15,0.00996,59227.95,0.00013,59275.0,0.00013,59227.15,0.00013,59275.15,0.00013,59221.99,0.00013,59280.1,0.00253,59216.03,0.00013,59281.09,0.00013,59210.07,0.00013,59283.34,0.00345,59204.11,0.00013,59286.99,0.00469,59200.0,0.00025,59287.0,0.01339,59198.15,0.00013,59287.03,0.00013,59197.39,0.00013,59292.71,0.01019,59192.19,0.00013,59292.72,0.01687,59191.23,0.00838,59292.74,0.00252,2024-07-13 23:59:43.850000
46,59257.32,0.00843,59257.33,0.01083,59246.63,0.00757,59263.08,0.00518,59246.62,0.03303,59263.09,0.00422,59245.83,0.00013,59263.26,0.00423,59243.92,0.00988,59263.27,0.00013,59239.87,0.00013,59266.42,0.01,59233.91,0.00013,59269.21,0.00013,59231.58,0.01216,59273.14,0.00599,59231.57,0.03376,59273.15,0.00996,59227.95,0.00013,59275.0,0.00013,59227.15,0.00013,59275.15,0.00013,59221.99,0.00013,59280.1,0.00253,59216.03,0.00013,59281.09,0.00013,59210.07,0.00013,59283.34,0.00345,59204.11,0.00013,59286.99,0.00469,59200.0,0.00025,59287.0,0.01339,59198.15,0.00013,59287.03,0.00013,59197.39,0.00013,59292.71,0.01019,59192.19,0.00013,59292.72,0.01687,59191.23,0.00838,59292.74,0.00252,2024-07-13 23:59:43.950000
47,59257.32,0.00843,59257.33,0.01083,59246.63,0.00757,59263.07,0.00422,59246.62,0.03303,59263.08,0.00518,59245.83,0.00013,59263.26,0.00423,59243.92,0.00988,59263.27,0.00013,59239.87,0.00013,59266.42,0.01,59233.91,0.00013,59269.21,0.00013,59231.58,0.01216,59273.14,0.00599,59231.57,0.03376,59273.15,0.00996,59227.95,0.00013,59275.0,0.00013,59227.15,0.00013,59275.15,0.00013,59221.99,0.00013,59280.1,0.00253,59216.03,0.00013,59281.09,0.00013,59210.07,0.00013,59283.34,0.00345,59204.11,0.00013,59286.99,0.00469,59200.0,0.00025,59287.0,0.01339,59198.15,0.00013,59287.03,0.00013,59197.39,0.00013,59292.71,0.01019,59192.19,0.00013,59292.72,0.01687,59191.23,0.00838,59292.74,0.00252,2024-07-13 23:59:44.050000
48,59257.32,0.00843,59257.33,0.01083,59246.63,0.00757,59263.06,0.00519,59246.62,0.03303,59263.07,0.00422,59245.83,0.00013,59263.26,0.00423,59243.92,0.00988,59263.27,0.00013,59239.87,0.00013,59266.42,0.01,59233.91,0.00013,59269.21,0.00013,59231.58,0.01216,59273.14,0.00599,59231.57,0.03376,59273.15,0.00996,59227.95,0.00013,59275.0,0.00013,59227.15,0.00013,59275.15,0.00013,59221.99,0.00013,59280.1,0.00253,59216.03,0.00013,59281.09,0.00013,59210.07,0.00013,59283.34,0.00345,59204.11,0.00013,59286.99,0.00469,59200.0,0.00025,59287.0,0.01339,59198.15,0.00013,59287.03,0.00013,59197.39,0.00013,59292.71,0.01019,59192.19,0.00013,59292.72,0.01687,59191.23,0.00838,59292.74,0.00252,2024-07-13 23:59:44.150000
49,59257.32,0.00843,59257.33,0.01083,59246.63,0.00757,59263.05,0.00422,59246.62,0.03303,59263.06,0.00519,59245.83,0.00013,59263.26,0.00423,59239.87,0.00013,59263.27,0.00013,59233.91,0.00013,59266.42,0.01,59231.58,0.01216,59269.21,0.00013,59231.57,0.03376,59273.14,0.00599,59227.95,0.00013,59273.15,0.00996,59227.15,0.00013,59275.0,0.00013,59221.99,0.00013,59275.15,0.00013,59216.03,0.00013,59280.1,0.00253,59210.07,0.00013,59281.09,0.00013,59204.11,0.00013,59283.34,0.00345,59200.0,0.00025,59286.99,0.00469,59198.15,0.00013,59287.0,0.01339,59197.39,0.00013,59287.03,0.00013,59192.19,0.00013,59292.71,0.01019,59191.23,0.00838,59292.72,0.01687,59186.23,0.00013,59292.74,0.00252,2024-07-13 23:59:44.250000
50,59257.32,0.00843,59257.33,0.01083,59246.63,0.00757,59263.04,0.0052,59246.62,0.03303,59263.05,0.00422,59245.83,0.00013,59263.26,0.00423,59239.87,0.00013,59263.27,0.00013,59233.91,0.00013,59266.42,0.01,59231.58,0.01216,59269.21,0.00013,59231.57,0.03376,59273.14,0.00599,59227.95,0.00013,59273.15,0.00996,59227.15,0.00013,59275.0,0.00013,59221.99,0.00013,59275.15,0.00013,59216.03,0.00013,59280.1,0.00253,59210.07,0.00013,59281.09,0.00013,59204.11,0.00013,59283.34,0.00345,59200.0,0.00025,59286.99,0.00469,59198.15,0.00013,59287.0,0.01339,59197.39,0.00013,59287.03,0.00013,59192.19,0.00013,59292.71,0.01019,59190.33,0.0084,59292.72,0.01687,59186.23,0.00013,59292.74,0.00252,2024-07-13 23:59:44.351000
51,59257.32,0.00843,59257.33,0.01083,59246.63,0.00757,59263.03,0.00422,59246.62,0.03303,59263.04,0.0052,59245.83,0.00013,59263.26,0.00423,59243.57,0.00974,59263.27,0.00013,59239.87,0.00013,59266.42,0.01,59233.91,0.00013,59269.21,0.00013,59231.58,0.01216,59273.14,0.00599,59231.57,0.03376,59273.15,0.00996,59227.95,0.00013,59275.0,0.00013,59227.15,0.00013,59275.15,0.00013,59221.99,0.00013,59280.1,0.00253,59216.03,0.00013,59281.09,0.00013,59210.07,0.00013,59283.34,0.00345,59204.11,0.00013,59286.99,0.00469,59200.0,0.00025,59287.0,0.01339,59198.15,0.00013,59287.03,0.00013,59197.39,0.00013,59292.71,0.01019,59192.19,0.00013,59292.72,0.01687,59190.33,0.0084,59292.74,0.00252,2024-07-13 23:59:44.451000
52,59257.32,0.00843,59257.33,0.01083,59246.63,0.00757,59263.02,0.00521,59246.62,0.03303,59263.03,0.00422,59245.83,0.00013,59263.26,0.00423,59243.57,0.00974,59263.27,0.00013,59239.87,0.00013,59266.42,0.01,59233.91,0.00013,59269.21,0.00013,59231.58,0.01216,59273.14,0.00599,59231.57,0.03376,59273.15,0.00996,59227.95,0.00013,59275.0,0.00013,59227.15,0.00013,59275.15,0.00013,59221.99,0.00013,59280.1,0.00253,59216.03,0.00013,59281.09,0.00013,59210.07,0.00013,59283.34,0.00345,59204.11,0.00013,59286.99,0.00469,59200.0,0.00025,59287.0,0.01339,59198.15,0.00013,59287.03,0.00013,59197.39,0.00013,59292.71,0.01019,59192.19,0.00013,59292.72,0.01687,59190.33,0.0084,59292.74,0.00252,2024-07-13 23:59:44.551000
53,59257.32,0.00843,59257.33,0.01083,59246.63,0.00757,59263.01,0.00422,59246.62,0.03303,59263.02,0.00521,59245.83,0.00013,59263.26,0.00423,59243.57,0.00974,59263.27,0.00013,59239.87,0.00013,59266.42,0.01,59233.91,0.00013,59269.21,0.00013,59231.58,0.01216,59273.14,0.00599,59231.57,0.03376,59273.15,0.00996,59227.95,0.00013,59275.0,0.00013,59227.15,0.00013,59275.15,0.00013,59221.99,0.00013,59280.1,0.00253,59216.03,0.00013,59281.09,0.00013,59210.07,0.00013,59283.34,0.00345,59204.11,0.00013,59286.99,0.00469,59200.0,0.00025,59287.0,0.01339,59198.15,0.00013,59287.03,0.00013,59197.39,0.00013,59292.71,0.01019,59192.19,0.00013,59292.72,0.01687,59190.33,0.0084,59292.74,0.00252,2024-07-13 23:59:44.651000
54,59257.32,0.00843,59257.33,0.01083,59246.63,0.00757,59263.0,0.00522,59246.62,0.03303,59263.01,0.00422,59245.83,0.00013,59263.26,0.00423,59243.57,0.00974,59263.27,0.00013,59239.87,0.00013,59266.42,0.01,59233.91,0.00013,59269.21,0.00013,59231.58,0.01216,59273.14,0.00599,59231.57,0.03376,59273.15,0.00996,59227.95,0.00013,59275.0,0.00013,59227.15,0.00013,59275.15,0.00013,59221.99,0.00013,59280.1,0.00253,59216.03,0.00013,59281.09,0.00013,59210.07,0.00013,59283.34,0.00345,59204.11,0.00013,59286.99,0.00469,59200.0,0.00025,59287.0,0.01339,59198.15,0.00013,59287.03,0.00013,59197.39,0.00013,59292.71,0.01019,59192.19,0.00013,59292.72,0.01687,59190.33,0.0084,59292.74,0.00252,2024-07-13 23:59:44.751000
55,59257.32,0.00843,59257.33,0.01083,59246.63,0.00757,59262.99,0.00422,59246.62,0.03303,59263.0,0.00522,59245.83,0.00013,59263.26,0.00423,59243.57,0.00974,59263.27,0.00013,59239.87,0.00013,59266.42,0.01,59233.91,0.00013,59269.21,0.00013,59231.58,0.01216,59273.14,0.00599,59231.57,0.03376,59273.15,0.00996,59227.95,0.00013,59275.0,0.00013,59227.15,0.00013,59275.15,0.00013,59221.99,0.00013,59280.1,0.00253,59216.03,0.00013,59281.09,0.00013,59210.07,0.00013,59283.34,0.00345,59204.11,0.00013,59286.99,0.00469,59200.0,0.00025,59287.0,0.01339,59198.15,0.00013,59287.03,0.00013,59197.39,0.00013,59292.71,0.01019,59192.19,0.00013,59292.72,0.01687,59190.33,0.0084,59292.74,0.00252,2024-07-13 23:59:44.851000
56,59257.32,0.00843,59257.33,0.01083,59246.63,0.00757,59262.98,0.00523,59246.62,0.03303,59262.99,0.00422,59245.83,0.00013,59263.26,0.00423,59243.57,0.00974,59263.27,0.00013,59239.87,0.00013,59266.42,0.01,59233.91,0.00013,59269.21,0.00013,59231.58,0.01216,59273.14,0.00599,59231.57,0.03376,59273.15,0.00996,59227.95,0.00013,59275.0,0.00013,59227.15,0.00013,59275.15,0.00013,59221.99,0.00013,59280.1,0.00253,59216.03,0.00013,59281.09,0.00013,59210.07,0.00013,59283.34,0.00345,59204.11,0.00013,59286.99,0.00469,59200.0,0.00025,59287.0,0.01339,59198.15,0.00013,59287.03,0.00013,59197.39,0.00013,59292.71,0.01019,59192.19,0.00013,59292.72,0.01687,59190.33,0.0084,59292.74,0.00252,2024-07-13 23:59:44.951000
57,59257.32,0.00843,59257.33,0.01797,59246.63,0.00757,59262.97,0.00422,59246.62,0.03303,59262.98,0.00523,59245.83,0.00013,59263.26,0.00423,59243.57,0.00974,59263.27,0.00013,59239.87,0.00013,59266.42,0.01,59233.91,0.00013,59269.21,0.00013,59231.58,0.01216,59273.14,0.00599,59231.57,0.03376,59273.15,0.00996,59227.95,0.00013,59275.0,0.00013,59227.15,0.00013,59275.15,0.00013,59221.99,0.00013,59280.1,0.00253,59216.03,0.00013,59281.09,0.00013,59210.07,0.00013,59283.34,0.00345,59204.11,0.00013,59286.99,0.00469,59200.0,0.00025,59287.0,0.01339,59198.15,0.00013,59287.03,0.00013,59197.39,0.00013,59292.71,0.01019,59192.19,0.00013,59292.72,0.01687,59190.33,0.0084,59292.74,0.00252,2024-07-13 23:59:45.051000
58,59257.32,0.00843,59257.33,0.01797,59246.63,0.00757,59262.96,0.00524,59246.62,0.03303,59262.97,0.00422,59245.83,0.00013,59263.26,0.00423,59243.57,0.00974,59263.27,0.00013,59239.87,0.00013,59266.42,0.01,59233.91,0.00013,59269.21,0.00013,59231.58,0.01216,59273.14,0.00599,59231.57,0.03376,59273.15,0.00996,59227.95,0.00013,59275.0,0.00013,59227.15,0.00013,59275.15,0.00013,59221.99,0.00013,59280.1,0.00253,59216.03,0.00013,59281.09,0.00013,59210.07,0.00013,59283.34,0.00345,59204.11,0.00013,59286.99,0.00469,59200.0,0.00025,59287.0,0.01339,59198.15,0.00013,59287.03,0.00013,59197.39,0.00013,59292.71,0.01019,59192.19,0.00013,59292.72,0.01687,59190.33,0.0084,59292.74,0.00252,2024-07-13 23:59:45.151000
59,59257.32,0.00843,59257.33,0.01797,59246.63,0.00757,59262.96,0.00524,59246.62,0.03303,59263.26,0.00423,59245.83,0.00013,59263.27,0.00013,59243.57,0.00974,59266.42,0.01,59239.87,0.00013,59269.21,0.00013,59233.91,0.00013,59273.14,0.00599,59231.58,0.01216,59273.15,0.00996,59231.57,0.03376,59275.0,0.00013,59227.95,0.00013,59275.15,0.00013,59227.15,0.00013,59280.1,0.00253,59221.99,0.00013,59281.09,0.00013,59216.03,0.00013,59283.34,0.00345,59210.07,0.00013,59286.99,0.00469,59204.11,0.00013,59287.0,0.01339,59200.0,0.00025,59287.03,0.00013,59198.15,0.00013,59292.71,0.01019,59197.39,0.00013,59292.72,0.01687,59192.19,0.00013,59292.74,0.00252,59190.34,0.00504,59292.97,0.00013,2024-07-13 23:59:45.251000
60,59257.32,0.00843,59257.33,0.01797,59246.63,0.00757,59263.26,0.00423,59246.62,0.03303,59263.27,0.00013,59245.83,0.00013,59266.41,0.00601,59239.87,0.00013,59266.42,0.01,59233.91,0.00013,59269.21,0.00013,59231.58,0.01216,59273.15,0.00996,59231.57,0.03376,59275.0,0.00013,59227.95,0.00013,59275.15,0.00013,59227.15,0.00013,59280.1,0.00253,59221.99,0.00013,59281.09,0.00013,59216.03,0.00013,59283.34,0.00345,59210.07,0.00013,59286.99,0.00469,59204.11,0.00013,59287.0,0.01339,59200.0,0.00025,59287.03,0.00013,59198.15,0.00013,59292.71,0.01019,59197.39,0.00013,59292.72,0.01687,59192.19,0.00013,59292.74,0.00252,59190.34,0.00504,59292.97,0.00013,59190.33,0.0084,59294.92,0.00822,2024-07-13 23:59:45.351000
61,59257.32,0.00843,59257.33,0.01797,59246.63,0.00757,59263.26,0.00423,59246.62,0.03303,59263.27,0.00013,59245.83,0.00013,59266.41,0.00601,59239.87,0.00013,59266.42,0.01,59233.91,0.00013,59269.21,0.00013,59231.58,0.01216,59273.15,0.00996,59231.57,0.03376,59275.0,0.00013,59227.95,0.00013,59275.15,0.00013,59227.15,0.00013,59280.09,0.01425,59221.99,0.00013,59280.1,0.00253,59216.03,0.00013,59281.09,0.00013,59210.07,0.00013,59283.34,0.00345,59204.11,0.00013,59286.99,0.00469,59200.0,0.00025,59287.03,0.00013,59198.15,0.00013,59292.71,0.01019,59197.39,0.00013,59292.72,0.01687,59192.19,0.00013,59292.74,0.00252,59190.34,0.00504,59292.97,0.00013,59190.33,0.0084,59294.92,0.00822,2024-07-13 23:59:45.451000
62,59257.32,0.00843,59257.33,0.01797,59246.63,0.00757,59263.26,0.00423,59246.62,0.03303,59263.27,0.00013,59245.83,0.00013,59266.41,0.00601,59239.87,0.00013,59266.42,0.01,59233.91,0.00013,59269.21,0.00013,59231.58,0.01216,59273.15,0.00996,59231.57,0.03376,59275.0,0.00013,59227.95,0.00013,59275.15,0.00013,59227.15,0.00013,59280.08,0.00857,59221.99,0.00013,59280.09,0.01425,59216.03,0.00013,59280.1,0.00253,59210.07,0.00013,59281.09,0.00013,59204.11,0.00013,59283.34,0.00345,59200.0,0.00025,59287.03,0.00013,59198.15,0.00013,59292.71,0.01019,59197.39,0.00013,59292.72,0.01687,59192.19,0.00013,59292.74,0.00252,59190.34,0.00504,59292.97,0.00013,59190.33,0.0084,59294.92,0.00822,2024-07-13 23:59:45.551000
63,59257.32,0.00843,59257.33,0.01797,59246.63,0.00757,59263.26,0.00423,59246.62,0.03303,59263.27,0.00013,59245.83,0.00013,59266.41,0.00601,59243.4,0.00972,59266.42,0.01,59239.87,0.00013,59269.21,0.00013,59233.91,0.00013,59273.15,0.00996,59231.58,0.01216,59275.0,0.00013,59231.57,0.03376,59275.15,0.00013,59227.95,0.00013,59280.08,0.00857,59227.15,0.00013,59280.09,0.01425,59221.99,0.00013,59280.1,0.00253,59216.03,0.00013,59281.09,0.00013,59210.07,0.00013,59283.34,0.00345,59204.11,0.00013,59287.03,0.00013,59200.0,0.00025,59292.71,0.01019,59198.15,0.00013,59292.72,0.01687,59197.39,0.00013,59292.74,0.00252,59192.19,0.00013,59292.97,0.00013,59190.34,0.00504,59294.92,0.00822,2024-07-13 23:59:45.651000
64,59257.32,0.00843,59257.33,0.01083,59246.63,0.00757,59263.26,0.00423,59246.62,0.03303,59263.27,0.00013,59245.83,0.00013,59266.41,0.00601,59243.4,0.00972,59266.42,0.01,59239.87,0.00013,59269.21,0.00013,59233.91,0.00013,59273.15,0.00996,59231.58,0.01216,59275.0,0.00013,59231.57,0.03376,59275.15,0.00013,59227.95,0.00013,59280.08,0.00857,59227.15,0.00013,59280.1,0.00253,59221.99,0.00013,59281.09,0.00013,59216.03,0.00013,59283.34,0.00345,59210.07,0.00013,59287.03,0.00013,59204.11,0.00013,59292.71,0.01019,59200.0,0.00025,59292.72,0.01687,59198.15,0.00013,59292.74,0.00252,59197.39,0.00013,59292.97,0.00013,59192.19,0.00013,59294.92,0.00822,59190.34,0.00504,59298.91,0.00013,2024-07-13 23:59:45.751000
65,59257.32,0.00843,59257.33,0.01083,59246.63,0.00757,59263.26,0.00423,59246.62,0.03303,59263.27,0.00013,59245.83,0.00013,59266.41,0.00601,59243.4,0.00972,59269.21,0.00013,59239.87,0.00013,59273.15,0.00996,59233.91,0.00013,59275.0,0.00013,59231.58,0.01216,59275.15,0.00013,59231.57,0.03376,59280.1,0.00253,59227.95,0.00013,59281.09,0.00013,59227.15,0.00013,59283.34,0.00345,59221.99,0.00013,59287.03,0.00013,59216.03,0.00013,59292.71,0.01019,59210.07,0.00013,59292.72,0.01687,59204.11,0.00013,59292.74,0.00252,59200.0,0.00025,59292.97,0.00013,59198.15,0.00013,59294.92,0.00822,59197.39,0.00013,59298.91,0.00013,59192.19,0.00013,59304.14,0.00013,59190.34,0.00504,59304.85,0.00013,2024-07-13 23:59:45.851000
66,59257.32,0.00843,59257.33,0.01083,59246.63,0.00757,59263.26,0.00423,59246.62,0.03303,59263.27,0.00013,59245.83,0.00013,59269.21,0.00013,59243.4,0.00972,59273.15,0.00996,59239.87,0.00013,59275.0,0.00013,59233.91,0.00013,59275.15,0.00013,59231.58,0.01216,59280.1,0.00253,59231.57,0.03376,59281.09,0.00013,59227.95,0.00013,59283.34,0.00345,59227.15,0.00013,59287.03,0.00013,59221.99,0.00013,59292.71,0.01019,59216.03,0.00013,59292.72,0.01687,59210.07,0.00013,59292.74,0.00252,59204.11,0.00013,59292.97,0.00013,59200.0,0.00025,59294.92,0.00822,59198.15,0.00013,59298.91,0.00013,59197.39,0.00013,59304.14,0.00013,59192.19,0.00013,59304.85,0.00013,59190.34,0.00504,59310.75,0.00761,2024-07-13 23:59:45.951000
67,59257.32,0.00843,59257.33,0.01083,59246.63,0.01292,59263.26,0.00423,59246.62,0.03303,59263.27,0.00013,59245.83,0.00013,59269.21,0.00013,59243.4,0.00972,59273.15,0.00996,59239.87,0.00013,59275.0,0.00013,59233.91,0.00013,59275.15,0.00013,59231.58,0.01216,59280.1,0.00253,59231.57,0.03376,59281.09,0.00013,59227.95,0.00013,59283.34,0.00345,59227.15,0.00013,59287.03,0.00013,59221.99,0.00013,59292.71,0.01019,59216.03,0.00013,59292.72,0.01687,59210.07,0.00013,59292.74,0.00252,59204.11,0.00013,59292.97,0.00013,59200.0,0.00025,59294.92,0.00822,59198.15,0.00013,59298.91,0.00013,59197.39,0.00013,59304.14,0.00013,59192.19,0.00013,59304.85,0.00013,59190.34,0.00504,59310.75,0.00761,2024-07-13 23:59:46.051000
68,59257.32,0.00843,59257.33,0.01083,59251.27,0.00994,59263.26,0.00423,59246.63,0.01292,59263.27,0.00013,59246.62,0.03303,59269.21,0.00013,59245.83,0.00013,59273.15,0.00996,59243.4,0.00972,59275.0,0.00013,59239.87,0.00013,59275.15,0.00013,59233.91,0.00013,59280.1,0.00253,59231.58,0.01216,59281.09,0.00013,59231.57,0.03376,59283.34,0.00345,59227.95,0.00013,59287.03,0.00013,59227.15,0.00013,59292.71,0.01019,59221.99,0.00013,59292.72,0.01687,59216.03,0.00013,59292.74,0.00252,59210.07,0.00013,59292.97,0.00013,59204.11,0.00013,59294.92,0.00822,59200.0,0.00025,59298.91,0.00013,59198.15,0.00013,59304.14,0.00013,59197.39,0.00013,59304.85,0.00013,59192.19,0.00013,59310.75,0.00761,2024-07-13 23:59:46.552000
69,59257.32,0.00843,59257.33,0.01083,59251.28,0.006,59263.26,0.00423,59251.27,0.00994,59263.27,0.00013,59246.63,0.01292,59269.21,0.00013,59246.62,0.03303,59273.14,0.00603,59245.83,0.00013,59273.15,0.00996,59243.4,0.00972,59275.0,0.00013,59239.87,0.00013,59275.15,0.00013,59233.91,0.00013,59280.1,0.00253,59231.58,0.01216,59281.09,0.00013,59231.57,0.03376,59283.34,0.00345,59227.95,0.00013,59287.03,0.00013,59227.15,0.00013,59292.71,0.01019,59221.99,0.00013,59292.72,0.01687,59216.03,0.00013,59292.74,0.00252,59210.07,0.00013,59292.97,0.00013,59204.11,0.00013,59294.92,0.00822,59200.0,0.00025,59298.91,0.00013,59198.15,0.00013,59304.14,0.00013,59197.39,0.00013,59304.85,0.00013,2024-07-13 23:59:46.652000
70,59257.32,0.01557,59257.33,0.01083,59251.28,0.006,59263.26,0.00423,59251.27,0.00994,59263.27,0.00013,59246.63,0.01292,59269.21,0.00013,59246.62,0.03303,59273.14,0.00603,59245.83,0.00013,59273.15,0.00996,59243.4,0.00972,59275.0,0.00013,59239.87,0.00013,59275.15,0.00013,59233.91,0.00013,59280.1,0.00253,59231.58,0.01216,59281.09,0.00013,59231.57,0.03376,59283.34,0.00345,59227.95,0.00013,59287.03,0.00013,59227.15,0.00013,59292.71,0.01019,59221.99,0.00013,59292.72,0.01687,59216.03,0.00013,59292.74,0.00252,59210.07,0.00013,59292.97,0.00013,59204.11,0.00013,59294.92,0.00822,59200.0,0.00025,59298.91,0.00013,59198.15,0.00013,59304.14,0.00013,59197.39,0.00013,59304.85,0.00013,2024-07-13 23:59:46.752000
71,59257.32,0.01557,59257.33,0.01083,59251.28,0.006,59263.26,0.00423,59251.27,0.00994,59263.27,0.00013,59246.63,0.01292,59269.21,0.00013,59246.62,0.03303,59273.14,0.00603,59245.83,0.00013,59273.15,0.00996,59243.4,0.00972,59275.0,0.00013,59239.87,0.00013,59275.15,0.00013,59233.91,0.00013,59280.1,0.00253,59231.58,0.01216,59281.09,0.00013,59231.57,0.03376,59283.34,0.00345,59227.95,0.00013,59287.03,0.00013,59227.15,0.00013,59292.71,0.01019,59221.99,0.00013,59292.72,0.01687,59216.03,0.00013,59292.74,0.00252,59210.07,0.00013,59292.97,0.00013,59204.11,0.00013,59294.92,0.00822,59200.0,0.00025,59298.91,0.00013,59198.15,0.00013,59304.14,0.00013,59197.39,0.00013,59304.85,0.00013,2024-07-13 23:59:47.252000
72,59257.32,0.00843,59257.33,0.01083,59251.28,0.006,59263.26,0.00423,59251.27,0.00994,59263.27,0.00013,59246.63,0.00757,59269.21,0.00013,59246.62,0.03303,59273.14,0.00603,59245.83,0.00013,59273.15,0.00996,59243.4,0.00972,59275.0,0.00013,59239.87,0.00013,59275.15,0.00013,59233.91,0.00013,59280.1,0.00253,59231.58,0.01216,59281.09,0.00013,59231.57,0.03376,59283.34,0.00345,59227.95,0.00013,59287.03,0.00013,59227.15,0.00013,59292.71,0.01019,59221.99,0.00013,59292.72,0.01687,59216.03,0.00013,59292.74,0.00252,59210.07,0.00013,59292.97,0.00013,59204.11,0.00013,59294.92,0.00822,59200.0,0.00025,59298.91,0.00013,59198.15,0.00013,59304.14,0.00013,59197.39,0.00013,59304.85,0.00013,2024-07-13 23:59:47.752000
73,59257.32,0.00843,59257.33,0.01083,59251.28,0.006,59263.26,0.00423,59251.27,0.00994,59263.27,0.00013,59246.63,0.00757,59269.21,0.00013,59246.62,0.03303,59273.14,0.00603,59245.83,0.00013,59273.15,0.00996,59243.4,0.00972,59275.0,0.00013,59239.87,0.00013,59275.15,0.00013,59233.91,0.00013,59280.1,0.00253,59231.58,0.01216,59281.09,0.00013,59231.57,0.03376,59283.34,0.00345,59227.95,0.00013,59287.03,0.00013,59227.15,0.00013,59292.71,0.01019,59221.99,0.00013,59292.72,0.01687,59216.03,0.00013,59292.74,0.00252,59210.07,0.00013,59292.97,0.00013,59204.11,0.00013,59294.92,0.00822,59200.0,0.00025,59298.91,0.00013,59198.15,0.00013,59304.14,0.00013,59197.39,0.00013,59304.85,0.00013,2024-07-13 23:59:48.052000
74,59257.32,0.01557,59257.33,0.01083,59251.28,0.006,59263.26,0.00423,59251.27,0.00994,59263.27,0.00013,59246.63,0.00757,59269.21,0.00013,59246.62,0.03303,59273.14,0.00603,59245.83,0.00013,59275.0,0.00013,59243.4,0.00972,59275.15,0.00013,59239.87,0.00013,59280.1,0.00253,59233.91,0.00013,59281.09,0.00013,59231.58,0.01216,59283.34,0.00345,59231.57,0.03376,59287.03,0.00013,59227.95,0.00013,59292.71,0.01019,59227.15,0.00013,59292.72,0.01687,59221.99,0.00013,59292.74,0.00252,59216.03,0.00013,59292.97,0.00013,59210.07,0.00013,59294.92,0.00822,59204.11,0.00013,59298.91,0.00013,59200.0,0.00025,59304.14,0.00013,59198.15,0.00013,59304.85,0.00013,59197.39,0.00013,59310.75,0.00761,2024-07-13 23:59:48.853000
75,59257.32,0.01557,59257.33,0.01083,59251.28,0.006,59263.26,0.00423,59251.27,0.00994,59263.27,0.00013,59246.63,0.00757,59269.21,0.00013,59246.62,0.03303,59273.57,0.0098,59245.83,0.00013,59275.0,0.00013,59243.4,0.00972,59275.15,0.00013,59239.87,0.00013,59280.1,0.00253,59233.91,0.00013,59281.09,0.00013,59231.58,0.01216,59283.34,0.00345,59231.57,0.03376,59287.03,0.00013,59227.95,0.00013,59292.71,0.01019,59227.15,0.00013,59292.72,0.01687,59221.99,0.00013,59292.74,0.00252,59216.03,0.00013,59292.97,0.00013,59210.07,0.00013,59294.92,0.00822,59204.11,0.00013,59298.91,0.00013,59200.0,0.00025,59304.14,0.00013,59198.15,0.00013,59304.85,0.00013,59197.39,0.00013,59310.75,0.00761,2024-07-13 23:59:48.953000
76,59257.32,0.01557,59257.33,0.01083,59251.28,0.006,59263.26,0.00423,59251.27,0.00994,59263.27,0.00013,59246.63,0.00757,59269.21,0.00013,59246.62,0.03303,59273.56,0.00594,59245.83,0.00013,59275.0,0.00013,59243.4,0.00972,59275.15,0.00013,59239.87,0.00013,59280.1,0.00253,59233.91,0.00013,59281.09,0.00013,59231.58,0.01216,59283.34,0.00345,59231.57,0.03376,59287.03,0.00013,59227.95,0.00013,59292.71,0.01019,59227.15,0.00013,59292.72,0.01687,59221.99,0.00013,59292.74,0.00252,59216.03,0.00013,59292.97,0.00013,59210.07,0.00013,59294.92,0.00822,59204.11,0.00013,59298.91,0.00013,59200.0,0.00025,59304.14,0.00013,59198.15,0.00013,59304.85,0.00013,59197.39,0.00013,59310.75,0.00761,2024-07-13 23:59:49.053000
77,59263.26,0.0453,59263.27,0.00843,59257.33,0.00514,59279.3,0.00253,59251.79,0.00013,59279.31,0.02969,59251.28,0.006,59281.09,0.00013,59251.27,0.00994,59283.34,0.00345,59246.63,0.00757,59287.03,0.00013,59245.83,0.00013,59292.71,0.01019,59243.4,0.00972,59292.74,0.00252,59239.87,0.00013,59292.97,0.00013,59235.69,0.03376,59294.92,0.00822,59233.91,0.00013,59298.91,0.00013,59231.58,0.01216,59304.14,0.00013,59227.95,0.00013,59304.85,0.00013,59227.15,0.00013,59310.75,0.00761,59221.99,0.00013,59310.76,0.01015,59216.03,0.00013,59310.79,0.00013,59210.07,0.00013,59316.73,0.00013,59204.11,0.00013,59322.66,0.00253,59200.0,0.00025,59322.67,0.00013,59198.15,0.00013,59326.25,0.00015,2024-07-13 23:59:49.153000
78,59263.26,0.0453,59263.27,0.00843,59251.79,0.00013,59279.3,0.01517,59251.28,0.006,59279.31,0.02969,59251.27,0.00994,59280.1,0.0099,59245.83,0.00013,59281.09,0.00013,59243.4,0.00972,59283.34,0.00345,59239.87,0.00013,59287.03,0.00013,59235.69,0.03376,59292.74,0.00252,59233.91,0.00013,59292.97,0.00013,59227.95,0.00013,59294.92,0.00822,59227.15,0.00013,59298.91,0.00013,59221.99,0.00013,59304.14,0.00013,59216.03,0.00013,59304.85,0.00013,59210.07,0.00013,59310.79,0.00013,59204.11,0.00013,59316.73,0.00013,59200.0,0.00025,59322.66,0.00253,59198.15,0.00013,59322.67,0.00013,59197.39,0.00013,59328.14,0.00015,59192.19,0.00013,59328.61,0.00013,59190.34,0.00504,59333.28,0.00013,2024-07-13 23:59:49.253000
79,59263.26,0.0453,59263.27,0.00843,59251.79,0.00013,59269.21,0.00013,59251.27,0.00994,59275.15,0.00013,59245.83,0.00013,59279.3,0.01517,59243.4,0.00972,59279.31,0.02969,59239.87,0.00013,59280.1,0.0099,59235.7,0.02027,59281.09,0.00013,59235.69,0.03376,59283.34,0.00345,59233.91,0.00013,59287.03,0.00013,59227.95,0.00013,59292.74,0.00252,59227.15,0.00013,59292.97,0.00013,59221.99,0.00013,59294.92,0.00822,59216.03,0.00013,59298.91,0.00013,59210.07,0.00013,59304.14,0.00013,59204.11,0.00013,59304.85,0.00013,59200.0,0.00025,59310.79,0.00013,59198.15,0.00013,59316.73,0.00013,59197.39,0.00013,59322.66,0.00253,59192.19,0.00013,59322.67,0.00013,59190.34,0.00504,59328.14,0.00015,2024-07-13 23:59:49.353000
80,59263.26,0.0453,59263.27,0.00843,59251.79,0.00013,59269.21,0.00013,59251.27,0.00994,59275.15,0.00013,59245.83,0.00013,59279.3,0.01517,59243.41,0.00586,59279.31,0.02969,59243.4,0.00972,59280.1,0.0099,59239.87,0.00013,59281.09,0.00013,59235.7,0.02027,59283.34,0.00345,59235.69,0.03376,59287.03,0.00013,59233.91,0.00013,59292.74,0.00252,59227.95,0.00013,59292.97,0.00013,59227.15,0.00013,59294.91,0.00497,59221.99,0.00013,59294.92,0.00822,59216.03,0.00013,59298.91,0.00013,59210.07,0.00013,59304.14,0.00013,59204.11,0.00013,59304.85,0.00013,59200.0,0.00025,59310.79,0.00013,59198.15,0.00013,59316.73,0.00013,59197.39,0.00013,59322.66,0.00253,59192.19,0.00013,59322.67,0.00013,2024-07-13 23:59:49.453000
81,59263.26,0.0453,59263.27,0.00843,59251.79,0.00013,59269.21,0.00013,59251.27,0.00994,59275.15,0.00013,59245.83,0.00013,59279.3,0.01517,59243.41,0.00586,59279.31,0.02969,59243.4,0.00972,59280.1,0.0099,59239.87,0.00013,59281.09,0.00013,59235.7,0.02027,59283.34,0.00345,59235.69,0.03376,59287.03,0.00013,59233.91,0.00013,59292.74,0.00252,59227.95,0.00013,59292.97,0.00013,59227.15,0.00013,59294.91,0.00497,59221.99,0.00013,59294.92,0.00822,59216.03,0.00013,59298.91,0.00013,59210.07,0.00013,59304.13,0.01419,59204.11,0.00013,59304.14,0.00013,59200.0,0.00025,59304.85,0.00013,59198.15,0.00013,59310.79,0.00013,59197.39,0.00013,59316.73,0.00013,59192.19,0.00013,59322.66,0.00253,2024-07-13 23:59:49.553000
82,59263.26,0.0453,59263.27,0.00843,59251.79,0.00013,59269.21,0.00013,59251.27,0.00994,59275.15,0.00013,59245.83,0.00013,59279.3,0.01517,59243.41,0.00586,59279.31,0.02969,59243.4,0.00972,59280.1,0.0099,59239.87,0.00013,59281.09,0.00013,59235.7,0.02027,59283.34,0.00345,59235.69,0.03376,59287.03,0.00013,59233.91,0.00013,59292.74,0.00252,59227.95,0.00013,59292.97,0.00013,59227.15,0.00013,59294.91,0.00497,59221.99,0.00013,59294.92,0.00822,59216.03,0.00013,59298.91,0.00013,59210.07,0.00013,59304.12,0.00846,59204.11,0.00013,59304.13,0.01419,59200.0,0.00025,59304.14,0.00013,59198.15,0.00013,59304.85,0.00013,59197.39,0.00013,59310.79,0.00013,59192.19,0.00013,59316.73,0.00013,2024-07-13 23:59:49.653000
83,59263.26,0.0453,59263.27,0.00843,59251.79,0.00013,59269.21,0.00013,59251.27,0.00994,59275.15,0.00013,59245.83,0.00013,59279.3,0.01517,59243.41,0.00586,59279.31,0.02969,59243.4,0.00972,59280.1,0.0099,59239.87,0.00013,59281.09,0.00013,59235.7,0.02027,59283.34,0.00345,59235.69,0.03376,59287.03,0.00013,59233.91,0.00013,59292.74,0.00252,59227.95,0.00013,59292.97,0.00013,59227.15,0.00013,59294.91,0.00497,59221.99,0.00013,59294.92,0.00822,59216.03,0.00013,59298.91,0.00013,59210.07,0.00013,59304.12,0.00846,59204.11,0.00013,59304.14,0.00013,59200.0,0.00025,59304.85,0.00013,59198.15,0.00013,59310.79,0.00013,59197.39,0.00013,59316.73,0.00013,59192.19,0.00013,59322.66,0.00253,2024-07-13 23:59:49.753000
84,59263.26,0.0453,59263.27,0.00843,59251.79,0.00013,59269.21,0.00013,59251.27,0.00994,59275.15,0.00013,59245.83,0.00013,59279.3,0.01517,59243.41,0.00586,59279.31,0.02969,59243.4,0.00972,59280.1,0.0099,59239.87,0.00013,59281.09,0.00013,59235.7,0.02027,59283.34,0.00345,59235.69,0.03376,59287.03,0.00013,59233.91,0.00013,59292.74,0.00252,59227.95,0.00013,59292.97,0.00013,59227.15,0.00013,59294.91,0.00497,59221.99,0.00013,59294.92,0.00822,59216.03,0.00013,59298.91,0.00013,59210.07,0.00013,59304.14,0.00013,59204.11,0.00013,59304.85,0.00013,59200.0,0.00025,59310.79,0.00013,59198.15,0.00013,59316.73,0.00013,59197.39,0.00013,59322.66,0.00253,59192.19,0.00013,59322.67,0.00013,2024-07-13 23:59:49.853000
85,59263.26,0.0453,59263.27,0.00843,59259.08,0.048,59269.21,0.00013,59251.79,0.00013,59275.15,0.00013,59251.27,0.00994,59279.3,0.01517,59245.83,0.00013,59279.31,0.02969,59243.41,0.00586,59280.1,0.0099,59243.4,0.00972,59281.09,0.00013,59239.87,0.00013,59283.34,0.00345,59235.7,0.02027,59287.03,0.00013,59235.69,0.03376,59292.74,0.00252,59233.91,0.00013,59292.97,0.00013,59227.95,0.00013,59294.91,0.00497,59227.15,0.00013,59294.92,0.00822,59221.99,0.00013,59298.91,0.00013,59216.03,0.00013,59304.14,0.00013,59210.07,0.00013,59304.85,0.00013,59204.11,0.00013,59310.79,0.00013,59200.0,0.00025,59316.73,0.00013,59198.15,0.00013,59322.66,0.00253,59197.39,0.00013,59322.67,0.00013,2024-07-13 23:59:50.153000
86,59263.26,0.0453,59263.27,0.00843,59259.09,0.00476,59269.21,0.00013,59259.08,0.048,59275.15,0.00013,59251.79,0.00013,59279.3,0.01517,59251.27,0.00994,59279.31,0.02969,59245.83,0.00013,59280.1,0.0099,59243.41,0.00586,59281.09,0.00013,59243.4,0.00972,59283.34,0.00345,59239.87,0.00013,59287.03,0.00013,59235.7,0.02027,59292.74,0.00252,59235.69,0.03376,59292.97,0.00013,59233.91,0.00013,59294.91,0.00497,59227.95,0.00013,59294.92,0.00822,59227.15,0.00013,59298.91,0.00013,59221.99,0.00013,59304.14,0.00013,59216.03,0.00013,59304.85,0.00013,59210.07,0.00013,59310.79,0.00013,59204.11,0.00013,59316.73,0.00013,59200.0,0.00025,59322.66,0.00253,59198.15,0.00013,59322.67,0.00013,2024-07-13 23:59:50.253000
87,59263.26,0.0453,59263.27,0.00843,59259.09,0.00476,59269.21,0.00013,59259.08,0.048,59275.15,0.00013,59257.32,0.00979,59279.3,0.01517,59251.79,0.00013,59279.31,0.02969,59251.27,0.00994,59280.1,0.0099,59245.83,0.00013,59281.09,0.00013,59243.41,0.00586,59283.34,0.00345,59239.87,0.00013,59287.03,0.00013,59235.7,0.02027,59292.74,0.00252,59235.69,0.03376,59292.97,0.00013,59233.91,0.00013,59294.91,0.00497,59227.95,0.00013,59294.92,0.00822,59227.15,0.00013,59298.91,0.00013,59221.99,0.00013,59304.14,0.00013,59216.03,0.00013,59304.85,0.00013,59210.07,0.00013,59310.79,0.00013,59204.11,0.00013,59316.73,0.00013,59200.0,0.00025,59322.66,0.00253,59198.15,0.00013,59322.67,0.00013,2024-07-13 23:59:50.353000
88,59263.26,0.0453,59263.27,0.00843,59259.09,0.00476,59269.21,0.00013,59259.08,0.048,59275.15,0.00013,59257.32,0.00979,59279.3,0.01517,59251.79,0.00013,59279.31,0.02969,59251.28,0.00602,59280.1,0.0099,59251.27,0.00994,59281.09,0.00013,59245.83,0.00013,59283.34,0.00345,59239.87,0.00013,59287.03,0.00013,59235.7,0.02027,59292.74,0.00252,59235.69,0.03376,59292.97,0.00013,59233.91,0.00013,59294.91,0.00497,59227.95,0.00013,59294.92,0.00822,59227.15,0.00013,59298.91,0.00013,59221.99,0.00013,59304.14,0.00013,59216.03,0.00013,59304.85,0.00013,59210.07,0.00013,59310.79,0.00013,59204.11,0.00013,59316.73,0.00013,59200.0,0.00025,59322.66,0.00253,59198.15,0.00013,59322.67,0.00013,2024-07-13 23:59:50.453000
89,59263.26,0.0933,59263.27,0.00843,59259.09,0.00476,59269.21,0.00013,59259.08,0.048,59275.15,0.00013,59257.32,0.00979,59279.3,0.01517,59251.79,0.00013,59279.31,0.02969,59251.28,0.00602,59280.1,0.0099,59251.27,0.00994,59281.09,0.00013,59245.83,0.00013,59283.34,0.00345,59239.87,0.00013,59287.03,0.00013,59235.7,0.02027,59292.74,0.00252,59235.69,0.03376,59292.97,0.00013,59233.91,0.00013,59294.91,0.00497,59227.95,0.00013,59294.92,0.00822,59227.15,0.00013,59298.91,0.00013,59221.99,0.00013,59304.14,0.00013,59216.03,0.00013,59304.85,0.00013,59210.07,0.00013,59310.79,0.00013,59204.11,0.00013,59316.73,0.00013,59200.0,0.00025,59322.66,0.00253,59198.15,0.00013,59322.67,0.00013,2024-07-13 23:59:51.154000
90,59263.26,0.0933,59263.27,0.00843,59259.09,0.00476,59269.21,0.00013,59257.32,0.00979,59275.15,0.00013,59251.79,0.00013,59279.29,0.00422,59251.28,0.00602,59279.3,0.01517,59251.27,0.00994,59279.31,0.02969,59245.83,0.00013,59280.1,0.0099,59239.87,0.00013,59281.09,0.00013,59235.7,0.02027,59283.34,0.00345,59235.69,0.03376,59287.03,0.00013,59233.91,0.00013,59292.74,0.00252,59227.95,0.00013,59292.97,0.00013,59227.15,0.00013,59294.91,0.00497,59221.99,0.00013,59294.92,0.00822,59216.03,0.00013,59298.91,0.00013,59210.07,0.00013,59304.14,0.00013,59204.11,0.00013,59304.85,0.00013,59200.0,0.00025,59310.79,0.00013,59198.15,0.00013,59316.73,0.00013,59197.39,0.00013,59322.66,0.00253,2024-07-13 23:59:51.254000
91,59263.26,0.0933,59263.27,0.00843,59257.33,0.00553,59269.21,0.00013,59257.32,0.00979,59275.15,0.00013,59251.79,0.00013,59279.29,0.00422,59251.28,0.00602,59279.3,0.01517,59251.27,0.00994,59279.31,0.02969,59245.83,0.00013,59280.1,0.0099,59239.87,0.00013,59281.09,0.00013,59235.7,0.02027,59283.34,0.00345,59235.69,0.03376,59287.03,0.00013,59233.91,0.00013,59292.74,0.00252,59227.95,0.00013,59292.97,0.00013,59227.15,0.00013,59294.91,0.00497,59221.99,0.00013,59294.92,0.00822,59216.03,0.00013,59298.91,0.00013,59210.07,0.00013,59304.14,0.00013,59204.11,0.00013,59304.85,0.00013,59200.0,0.00025,59310.79,0.00013,59198.15,0.00013,59316.73,0.00013,59197.39,0.00013,59322.66,0.00253,2024-07-13 23:59:51.354000
92,59263.26,0.0933,59263.27,0.00843,59257.32,0.00979,59269.21,0.00013,59251.79,0.00013,59275.15,0.00013,59251.28,0.00602,59279.29,0.00422,59251.27,0.00994,59279.3,0.01517,59245.83,0.00013,59279.31,0.02969,59239.87,0.00013,59280.1,0.0099,59235.7,0.02027,59281.09,0.00013,59235.69,0.03376,59283.34,0.00345,59233.91,0.00013,59287.03,0.00013,59227.95,0.00013,59292.74,0.00252,59227.15,0.00013,59292.97,0.00013,59221.99,0.00013,59294.91,0.00497,59216.03,0.00013,59294.92,0.00822,59210.07,0.00013,59298.91,0.00013,59204.11,0.00013,59304.14,0.00013,59200.0,0.00025,59304.85,0.00013,59198.15,0.00013,59310.79,0.00013,59197.39,0.00013,59316.73,0.00013,59192.19,0.00013,59322.66,0.00253,2024-07-13 23:59:51.454000
93,59263.26,0.0933,59263.27,0.00843,59257.32,0.00979,59269.21,0.00013,59251.79,0.00013,59275.15,0.00013,59251.28,0.00602,59279.3,0.01517,59251.27,0.00994,59279.31,0.02969,59245.83,0.00013,59280.1,0.0099,59239.87,0.00013,59281.09,0.00013,59235.7,0.02027,59283.34,0.00345,59235.69,0.03376,59287.03,0.00013,59233.91,0.00013,59292.74,0.00252,59227.95,0.00013,59292.97,0.00013,59227.15,0.00013,59294.91,0.00497,59221.99,0.00013,59294.92,0.00822,59216.03,0.00013,59298.91,0.00013,59210.07,0.00013,59304.14,0.00013,59204.11,0.00013,59304.85,0.00013,59200.0,0.00025,59310.79,0.00013,59198.15,0.00013,59316.73,0.00013,59197.39,0.00013,59322.66,0.00253,59192.19,0.00013,59322.67,0.00013,2024-07-13 23:59:51.554000
94,59263.26,0.0933,59263.27,0.00843,59257.32,0.00979,59269.21,0.00013,59251.79,0.00013,59275.15,0.00013,59251.28,0.00602,59279.29,0.00422,59251.27,0.00994,59279.3,0.01517,59245.83,0.00013,59279.31,0.02969,59239.87,0.00013,59280.1,0.0099,59235.7,0.02027,59281.09,0.00013,59235.69,0.03376,59283.34,0.00345,59233.91,0.00013,59287.03,0.00013,59227.95,0.00013,59292.74,0.00252,59227.15,0.00013,59292.97,0.00013,59221.99,0.00013,59294.91,0.00497,59216.03,0.00013,59294.92,0.00822,59210.07,0.00013,59298.91,0.00013,59204.11,0.00013,59304.14,0.00013,59200.0,0.00025,59304.85,0.00013,59198.15,0.00013,59310.79,0.00013,59197.39,0.00013,59316.73,0.00013,59192.19,0.00013,59322.66,0.00253,2024-07-13 23:59:51.654000
95,59263.26,0.0933,59263.27,0.00843,59257.32,0.00979,59269.21,0.00013,59251.79,0.00013,59275.15,0.00013,59251.28,0.00602,59279.29,0.00422,59251.27,0.00994,59279.3,0.01517,59245.83,0.00013,59279.31,0.02969,59239.87,0.00013,59280.1,0.0099,59235.7,0.02027,59281.09,0.00013,59235.69,0.03376,59283.34,0.00345,59233.91,0.00013,59287.03,0.00013,59227.95,0.00013,59292.74,0.00252,59227.15,0.00013,59292.97,0.00013,59221.99,0.00013,59294.91,0.00497,59216.03,0.00013,59294.92,0.00822,59210.07,0.00013,59298.9,0.01274,59204.11,0.00013,59298.91,0.00013,59200.0,0.00025,59304.14,0.00013,59198.15,0.00013,59304.85,0.00013,59197.39,0.00013,59310.79,0.00013,59192.19,0.00013,59316.73,0.00013,2024-07-13 23:59:53.155000
96,59263.26,0.0933,59263.27,0.00843,59257.32,0.00979,59269.21,0.00013,59251.79,0.00013,59275.15,0.00013,59251.28,0.00602,59279.29,0.00422,59251.27,0.00994,59279.3,0.01517,59245.83,0.00013,59279.31,0.02969,59239.87,0.00013,59280.1,0.0099,59235.7,0.02027,59281.09,0.00013,59235.69,0.03376,59283.34,0.00345,59233.91,0.00013,59287.03,0.00013,59227.95,0.00013,59292.74,0.00252,59227.15,0.00013,59292.97,0.00013,59221.99,0.00013,59294.91,0.00497,59216.03,0.00013,59294.92,0.00822,59210.07,0.00013,59298.9,0.01274,59204.11,0.00013,59298.91,0.00013,59200.0,0.00025,59304.14,0.00013,59198.15,0.00013,59304.85,0.00013,59197.39,0.00013,59310.79,0.00013,59192.19,0.00013,59316.73,0.00013,2024-07-13 23:59:53.255000
97,59275.14,0.00843,59275.15,0.00843,59269.21,0.00515,59278.5,0.00714,59263.27,0.048,59279.3,0.00551,59263.26,0.04015,59279.31,0.02255,59257.75,0.00013,59280.1,0.0099,59257.32,0.00979,59281.09,0.00013,59251.79,0.00013,59283.34,0.00345,59251.28,0.00602,59287.03,0.00013,59251.27,0.00994,59292.74,0.00252,59245.83,0.00013,59292.97,0.00013,59239.87,0.00013,59294.91,0.00497,59235.7,0.02027,59294.92,0.00822,59235.69,0.03376,59298.91,0.00013,59233.91,0.00013,59304.14,0.00013,59227.95,0.00013,59304.85,0.00013,59227.15,0.00013,59310.79,0.00013,59221.99,0.00013,59316.73,0.00013,59216.03,0.00013,59322.66,0.00253,59210.07,0.00013,59322.67,0.00013,59204.11,0.00013,59328.61,0.00013,2024-07-13 23:59:53.855000
98,59275.14,0.00843,59275.15,0.00843,59273.92,0.048,59279.3,0.00891,59263.28,0.01079,59279.31,0.02255,59263.27,0.048,59281.09,0.00013,59263.26,0.04015,59283.34,0.00345,59257.75,0.00013,59287.03,0.00013,59257.32,0.00979,59292.74,0.00252,59251.79,0.00013,59292.97,0.00013,59251.28,0.00602,59294.91,0.00497,59251.27,0.00994,59294.92,0.00822,59245.83,0.00013,59298.91,0.00013,59239.87,0.00013,59304.14,0.00013,59235.7,0.02027,59304.85,0.00013,59235.69,0.03376,59310.79,0.00013,59233.91,0.00013,59316.73,0.00013,59227.95,0.00013,59322.66,0.00253,59227.15,0.00013,59322.67,0.00013,59221.99,0.00013,59328.61,0.00013,59216.03,0.00013,59333.28,0.00013,59210.07,0.00013,59334.55,0.00013,2024-07-13 23:59:53.955000
99,59275.14,0.04142,59275.15,0.00843,59273.93,0.00348,59279.3,0.00891,59273.92,0.048,59281.09,0.00013,59263.71,0.00013,59283.34,0.00345,59263.27,0.048,59287.03,0.00013,59263.26,0.00714,59292.74,0.00252,59257.75,0.00013,59292.97,0.00013,59257.32,0.00979,59294.91,0.00497,59251.79,0.00013,59294.92,0.00822,59251.28,0.00602,59298.91,0.00013,59251.27,0.00994,59304.14,0.00013,59245.83,0.00013,59304.85,0.00013,59239.87,0.00013,59310.79,0.00013,59235.7,0.02027,59316.73,0.00013,59235.69,0.03376,59322.66,0.00253,59233.91,0.00013,59322.67,0.00013,59227.95,0.00013,59328.61,0.00013,59227.15,0.00013,59333.28,0.00013,59221.99,0.00013,59334.55,0.00013,59216.03,0.00013,59334.65,0.00015,2024-07-13 23:59:54.055000
100,59275.14,0.04142,59275.15,0.00843,59273.93,0.00348,59279.3,0.0034,59273.92,0.048,59281.09,0.00013,59263.71,0.00013,59283.34,0.00345,59263.27,0.048,59287.03,0.00013,59263.26,0.00714,59287.87,0.00974,59257.75,0.00013,59292.74,0.00252,59257.33,0.0059,59292.97,0.00013,59257.32,0.00979,59294.91,0.00497,59251.79,0.00013,59294.92,0.00822,59251.28,0.00602,59298.91,0.00013,59245.83,0.00013,59304.14,0.00013,59245.02,0.03375,59304.85,0.00013,59239.87,0.00013,59310.79,0.00013,59235.7,0.02027,59316.73,0.00013,59233.91,0.00013,59322.66,0.00253,59227.95,0.00013,59322.67,0.00013,59227.15,0.00013,59328.61,0.00013,59221.99,0.00013,59333.28,0.00013,59216.03,0.00013,59334.55,0.00013,2024-07-13 23:59:54.155000
101,59275.14,0.04142,59275.15,0.00843,59273.93,0.00348,59279.3,0.0034,59273.92,0.048,59281.09,0.00013,59269.21,0.01002,59283.34,0.00345,59263.71,0.00013,59287.03,0.00013,59263.27,0.048,59287.86,0.00551,59263.26,0.00714,59292.74,0.00252,59257.75,0.00013,59292.97,0.00013,59257.33,0.0059,59294.92,0.00822,59257.32,0.00979,59298.91,0.00013,59251.79,0.00013,59304.14,0.00013,59245.83,0.00013,59304.85,0.00013,59245.03,0.02021,59310.79,0.00013,59245.02,0.03375,59316.73,0.00013,59239.87,0.00013,59322.66,0.00253,59233.91,0.00013,59322.67,0.00013,59227.95,0.00013,59328.61,0.00013,59227.15,0.00013,59333.28,0.00013,59221.99,0.00013,59334.55,0.00013,59216.03,0.00013,59335.97,0.01014,2024-07-13 23:59:54.255000
102,59275.14,0.04142,59275.15,0.00843,59273.93,0.00348,59279.3,0.0034,59273.92,0.048,59281.09,0.00013,59269.21,0.01002,59283.34,0.00345,59263.71,0.00013,59287.03,0.00013,59263.28,0.01126,59292.74,0.00252,59263.27,0.048,59292.97,0.00013,59263.26,0.00714,59294.91,0.00551,59257.75,0.00013,59294.92,0.00822,59257.33,0.0059,59298.91,0.00013,59257.32,0.00979,59304.14,0.00013,59251.79,0.00013,59304.85,0.00013,59245.83,0.00013,59310.79,0.00013,59245.02,0.03375,59316.73,0.00013,59239.87,0.00013,59322.66,0.00253,59233.91,0.00013,59322.67,0.00013,59227.95,0.00013,59328.61,0.00013,59227.15,0.00013,59333.28,0.00013,59221.99,0.00013,59334.55,0.00013,59216.03,0.00013,59335.97,0.01014,2024-07-13 23:59:54.355000
103,59275.14,0.04142,59275.15,0.00843,59273.93,0.00348,59279.3,0.0034,59273.92,0.048,59281.09,0.00013,59269.21,0.01002,59283.34,0.00345,59263.71,0.00013,59287.03,0.00013,59263.28,0.01126,59288.07,0.00998,59263.27,0.048,59292.74,0.00252,59263.26,0.00714,59292.97,0.00013,59257.75,0.00013,59294.91,0.00551,59257.33,0.0059,59294.92,0.00822,59257.32,0.00979,59298.91,0.00013,59251.79,0.00013,59304.14,0.00013,59245.83,0.00013,59304.85,0.00013,59245.02,0.03375,59310.79,0.00013,59239.87,0.00013,59316.73,0.00013,59233.91,0.00013,59322.66,0.00253,59227.95,0.00013,59322.67,0.00013,59227.15,0.00013,59328.61,0.00013,59221.99,0.00013,59333.28,0.00013,59216.03,0.00013,59334.55,0.00013,2024-07-13 23:59:54.456000
104,59275.14,0.04142,59275.15,0.00843,59273.93,0.00348,59279.3,0.0034,59273.92,0.048,59281.09,0.00013,59269.21,0.01002,59283.34,0.00345,59263.71,0.00013,59287.03,0.00013,59263.28,0.01126,59288.06,0.0051,59263.27,0.048,59292.74,0.00252,59263.26,0.00714,59292.97,0.00013,59257.75,0.00013,59294.92,0.00822,59257.33,0.0059,59298.91,0.00013,59257.32,0.00979,59304.14,0.00013,59251.79,0.00013,59304.85,0.00013,59245.83,0.00013,59310.79,0.00013,59245.02,0.03375,59316.73,0.00013,59239.87,0.00013,59322.66,0.00253,59233.91,0.00013,59322.67,0.00013,59227.95,0.00013,59328.61,0.00013,59227.15,0.00013,59333.28,0.00013,59221.99,0.00013,59334.55,0.00013,59216.03,0.00013,59335.97,0.01014,2024-07-13 23:59:54.556000
105,59275.14,0.04142,59275.15,0.00843,59273.93,0.00348,59279.3,0.0034,59273.92,0.048,59281.09,0.00013,59269.21,0.01002,59283.34,0.00345,59263.71,0.00013,59287.03,0.00013,59263.28,0.01126,59288.18,0.00995,59263.27,0.048,59292.74,0.00252,59263.26,0.00714,59292.97,0.00013,59257.75,0.00013,59294.92,0.00822,59257.33,0.0059,59298.91,0.00013,59257.32,0.00979,59304.14,0.00013,59251.79,0.00013,59304.85,0.00013,59245.83,0.00013,59310.79,0.00013,59245.02,0.03375,59316.73,0.00013,59239.87,0.00013,59322.66,0.00253,59233.91,0.00013,59322.67,0.00013,59227.95,0.00013,59328.61,0.00013,59227.15,0.00013,59333.28,0.00013,59221.99,0.00013,59334.55,0.00013,59216.03,0.00013,59335.97,0.01014,2024-07-13 23:59:54.656000
106,59275.14,0.04142,59275.15,0.00843,59273.93,0.00348,59279.3,0.0034,59273.92,0.048,59281.09,0.00013,59269.21,0.01002,59283.34,0.00345,59263.71,0.00013,59287.03,0.00013,59263.28,0.01126,59288.17,0.00551,59263.27,0.048,59288.18,0.00995,59263.26,0.00714,59292.74,0.00252,59257.75,0.00013,59292.97,0.00013,59257.33,0.0059,59294.92,0.00822,59257.32,0.00979,59298.91,0.00013,59251.79,0.00013,59304.14,0.00013,59245.83,0.00013,59304.85,0.00013,59245.02,0.03375,59310.79,0.00013,59239.87,0.00013,59316.73,0.00013,59233.91,0.00013,59322.66,0.00253,59227.95,0.00013,59322.67,0.00013,59227.15,0.00013,59328.61,0.00013,59221.99,0.00013,59333.28,0.00013,59216.03,0.00013,59334.55,0.00013,2024-07-13 23:59:54.756000
107,59275.14,0.00843,59275.15,0.00843,59273.94,0.03299,59279.3,0.0034,59273.93,0.00348,59281.09,0.00013,59273.92,0.048,59283.34,0.00345,59269.21,0.01002,59287.02,0.00422,59263.71,0.00013,59287.03,0.00013,59263.28,0.01126,59288.17,0.00551,59263.27,0.048,59288.18,0.00995,59263.26,0.00714,59292.74,0.00252,59257.75,0.00013,59292.97,0.00013,59257.33,0.0059,59294.92,0.00822,59257.32,0.00979,59298.91,0.00013,59251.79,0.00013,59304.14,0.00013,59245.83,0.00013,59304.85,0.00013,59245.02,0.03375,59310.79,0.00013,59239.87,0.00013,59316.73,0.00013,59233.91,0.00013,59322.66,0.00253,59227.95,0.00013,59322.67,0.00013,59227.15,0.00013,59328.61,0.00013,59221.99,0.00013,59333.28,0.00013,2024-07-13 23:59:54.856000
108,59275.14,0.00843,59275.15,0.00843,59273.94,0.03299,59279.3,0.0034,59273.93,0.00348,59281.09,0.00013,59273.92,0.048,59283.34,0.00345,59269.21,0.01002,59287.02,0.00422,59263.71,0.00013,59287.03,0.00013,59263.28,0.01126,59288.17,0.00551,59263.27,0.048,59288.18,0.00995,59263.26,0.00714,59292.74,0.00252,59257.75,0.00013,59292.97,0.00013,59257.33,0.0059,59294.92,0.00822,59257.32,0.00979,59298.91,0.00013,59251.79,0.00013,59304.14,0.00013,59245.83,0.00013,59304.85,0.00013,59245.02,0.03375,59310.79,0.00013,59239.87,0.00013,59316.73,0.00013,59233.91,0.00013,59322.66,0.00253,59227.95,0.00013,59322.67,0.00013,59227.15,0.00013,59328.61,0.00013,59221.99,0.00013,59333.28,0.00013,2024-07-13 23:59:55.356000
109,59275.14,0.00843,59275.15,0.00843,59273.94,0.03299,59279.3,0.0034,59273.93,0.00348,59281.09,0.00013,59273.92,0.048,59283.34,0.00345,59269.21,0.01002,59287.02,0.00422,59263.71,0.00013,59287.03,0.00013,59263.28,0.01126,59288.17,0.00551,59263.27,0.048,59288.18,0.00995,59263.26,0.00714,59292.74,0.00252,59257.75,0.00013,59292.97,0.00013,59257.33,0.0059,59294.92,0.00822,59257.32,0.00979,59298.91,0.00013,59251.79,0.00013,59304.14,0.00013,59245.83,0.00013,59304.85,0.00013,59245.02,0.03375,59310.79,0.00013,59239.87,0.00013,59316.73,0.00013,59233.91,0.00013,59322.66,0.00253,59227.95,0.00013,59322.67,0.00013,59227.15,0.00013,59328.61,0.00013,59221.99,0.00013,59333.28,0.00013,2024-07-13 23:59:55.456000
110,59275.14,0.00843,59275.15,0.00843,59273.94,0.03299,59279.3,0.0034,59273.93,0.00348,59281.09,0.00013,59273.92,0.048,59283.34,0.00345,59267.62,0.00985,59287.02,0.00422,59263.71,0.00013,59287.03,0.00013,59263.28,0.01126,59288.17,0.00551,59263.27,0.048,59288.18,0.00995,59263.26,0.00714,59292.74,0.00252,59257.75,0.00013,59292.97,0.00013,59257.33,0.0059,59294.92,0.00822,59257.32,0.00979,59298.91,0.00013,59251.79,0.00013,59304.14,0.00013,59245.83,0.00013,59304.85,0.00013,59245.02,0.03375,59310.79,0.00013,59239.87,0.00013,59316.73,0.00013,59233.91,0.00013,59322.66,0.00253,59227.95,0.00013,59322.67,0.00013,59227.15,0.00013,59328.61,0.00013,59221.99,0.00013,59333.28,0.00013,2024-07-13 23:59:55.556000
111,59275.14,0.00843,59275.15,0.00843,59273.94,0.03299,59279.3,0.0034,59273.93,0.00348,59281.09,0.00013,59273.92,0.048,59283.34,0.00345,59267.62,0.00985,59287.02,0.00422,59263.71,0.00013,59287.03,0.00013,59263.28,0.01126,59288.17,0.00551,59263.26,0.00714,59288.18,0.00995,59257.75,0.00013,59292.74,0.00252,59257.33,0.0059,59292.97,0.00013,59257.32,0.00979,59294.92,0.00822,59251.79,0.00013,59298.91,0.00013,59245.83,0.00013,59304.14,0.00013,59245.02,0.03375,59304.85,0.00013,59239.87,0.00013,59310.79,0.00013,59233.91,0.00013,59316.73,0.00013,59227.95,0.00013,59322.66,0.00253,59227.15,0.00013,59322.67,0.00013,59221.99,0.00013,59328.61,0.00013,59216.03,0.00013,59333.28,0.00013,2024-07-13 23:59:55.656000
112,59275.14,0.00843,59275.15,0.00843,59273.93,0.00348,59279.29,0.00422,59273.92,0.048,59279.3,0.0034,59263.71,0.00013,59281.09,0.00013,59263.28,0.00435,59283.34,0.00345,59263.26,0.00714,59287.03,0.00013,59257.75,0.00013,59288.17,0.00551,59257.33,0.0059,59288.18,0.00995,59257.32,0.00979,59292.74,0.00252,59251.79,0.00013,59292.97,0.00013,59245.83,0.00013,59294.92,0.00822,59245.02,0.03375,59298.91,0.00013,59239.87,0.00013,59304.14,0.00013,59233.91,0.00013,59304.85,0.00013,59227.95,0.00013,59310.79,0.00013,59227.15,0.00013,59316.73,0.00013,59221.99,0.00013,59322.66,0.00253,59216.03,0.00013,59322.67,0.00013,59210.07,0.00013,59328.61,0.00013,59204.11,0.00013,59333.28,0.00013,2024-07-13 23:59:55.756000
113,59275.14,0.00843,59275.15,0.01557,59273.93,0.00348,59279.29,0.00422,59273.92,0.048,59279.3,0.0034,59263.71,0.00013,59281.09,0.00013,59263.26,0.00714,59283.34,0.00345,59257.75,0.00013,59287.03,0.00013,59257.33,0.0059,59288.17,0.00551,59257.32,0.00979,59288.18,0.00995,59251.79,0.00013,59292.74,0.00252,59245.83,0.00013,59292.97,0.00013,59245.03,0.01201,59294.92,0.00822,59245.02,0.03375,59298.91,0.00013,59239.87,0.00013,59304.14,0.00013,59233.91,0.00013,59304.85,0.00013,59227.95,0.00013,59310.79,0.00013,59227.15,0.00013,59316.73,0.00013,59221.99,0.00013,59322.66,0.00253,59216.03,0.00013,59322.67,0.00013,59210.07,0.00013,59328.61,0.00013,59204.11,0.00013,59333.28,0.00013,2024-07-13 23:59:55.856000
114,59275.14,0.00843,59275.15,0.01557,59263.71,0.00013,59279.29,0.00422,59257.75,0.00013,59279.3,0.0034,59257.33,0.0059,59281.09,0.00013,59257.32,0.00979,59283.34,0.00345,59251.79,0.00013,59287.03,0.00013,59245.83,0.00013,59288.17,0.00551,59245.03,0.01201,59288.18,0.00995,59245.02,0.03375,59292.74,0.00252,59239.87,0.00013,59292.97,0.00013,59233.91,0.00013,59294.92,0.00822,59227.95,0.00013,59298.91,0.00013,59227.15,0.00013,59304.14,0.00013,59221.99,0.00013,59304.85,0.00013,59216.03,0.00013,59310.79,0.00013,59210.07,0.00013,59316.73,0.00013,59204.11,0.00013,59322.66,0.00253,59200.0,0.00025,59322.67,0.00013,59198.15,0.00013,59328.61,0.00013,59197.39,0.00013,59333.28,0.00013,2024-07-13 23:59:55.956000
115,59263.71,0.03299,59263.72,0.00843,59258.54,0.00714,59274.36,0.00714,59257.32,0.00979,59275.11,0.00253,59251.79,0.00013,59275.14,0.00506,59245.83,0.00013,59275.15,0.00843,59245.03,0.01201,59279.3,0.0034,59239.87,0.00013,59281.09,0.00013,59233.91,0.00013,59283.34,0.00345,59227.95,0.00013,59287.03,0.00013,59227.15,0.00013,59288.17,0.00551,59221.99,0.00013,59288.18,0.00995,59216.03,0.00013,59292.74,0.00252,59210.07,0.00013,59292.97,0.00013,59204.11,0.00013,59294.92,0.00822,59200.0,0.00025,59298.91,0.00013,59198.15,0.00013,59304.14,0.00013,59197.39,0.00013,59304.85,0.00013,59192.19,0.00013,59310.79,0.00013,59190.34,0.00504,59316.73,0.00013,59190.33,0.0084,59322.66,0.00253,2024-07-13 23:59:56.057000
116,59263.71,0.00843,59263.72,0.00843,59257.75,0.00013,59274.35,0.00846,59251.79,0.00013,59274.36,0.00714,59245.83,0.00013,59275.11,0.00253,59239.87,0.00013,59275.15,0.00013,59237.7,0.03037,59279.3,0.0034,59233.91,0.00013,59280.37,0.01004,59227.95,0.00013,59281.09,0.00013,59227.15,0.00013,59283.34,0.00345,59221.99,0.00013,59287.03,0.00013,59216.03,0.00013,59288.17,0.00551,59210.07,0.00013,59288.18,0.00995,59204.11,0.00013,59292.74,0.00252,59200.0,0.00025,59292.97,0.00013,59198.15,0.00013,59294.92,0.00822,59197.39,0.00013,59298.91,0.00013,59194.71,0.00574,59304.14,0.00013,59192.19,0.00013,59304.85,0.00013,59190.33,0.0084,59310.79,0.00013,59186.23,0.00013,59316.73,0.00013,2024-07-13 23:59:56.157000
117,59263.71,0.00843,59263.72,0.00843,59257.75,0.00013,59274.35,0.00592,59251.79,0.00013,59274.36,0.00714,59245.83,0.00013,59275.11,0.00253,59239.87,0.00013,59275.15,0.00013,59237.71,0.01825,59279.3,0.0034,59237.7,0.03037,59280.37,0.01004,59233.91,0.00013,59281.09,0.00013,59227.95,0.00013,59283.34,0.00345,59227.15,0.00013,59287.03,0.00013,59221.99,0.00013,59288.17,0.00551,59216.03,0.00013,59288.18,0.00995,59210.07,0.00013,59292.74,0.00252,59204.11,0.00013,59292.97,0.00013,59200.0,0.00025,59294.92,0.00822,59198.15,0.00013,59298.91,0.00013,59197.39,0.00013,59304.14,0.00013,59194.71,0.00574,59304.85,0.00013,59192.19,0.00013,59310.79,0.00013,59190.33,0.0084,59316.73,0.00013,2024-07-13 23:59:56.257000
118,59263.71,0.00843,59263.72,0.00843,59257.75,0.00013,59274.35,0.00592,59253.71,0.00963,59274.36,0.00714,59251.79,0.00013,59275.11,0.00253,59245.83,0.00013,59275.15,0.00013,59239.87,0.00013,59279.3,0.0034,59237.71,0.01825,59280.36,0.00608,59237.7,0.03037,59280.37,0.01004,59233.91,0.00013,59281.09,0.00013,59227.95,0.00013,59283.34,0.00345,59227.15,0.00013,59287.03,0.00013,59221.99,0.00013,59288.17,0.00551,59216.03,0.00013,59292.74,0.00252,59210.07,0.00013,59292.97,0.00013,59204.11,0.00013,59294.92,0.00822,59200.0,0.00025,59298.91,0.00013,59198.15,0.00013,59304.14,0.00013,59197.39,0.00013,59304.85,0.00013,59192.19,0.00013,59310.79,0.00013,59190.34,0.00509,59316.73,0.00013,2024-07-13 23:59:56.357000
119,59263.71,0.00843,59263.72,0.00843,59257.75,0.00013,59274.35,0.00592,59253.72,0.00585,59274.36,0.00714,59253.71,0.00963,59275.11,0.00253,59251.79,0.00013,59275.15,0.00013,59245.83,0.00013,59279.3,0.0034,59239.87,0.00013,59280.36,0.00608,59237.71,0.01825,59280.37,0.01004,59237.7,0.03037,59281.09,0.00013,59233.91,0.00013,59283.34,0.00345,59227.95,0.00013,59287.03,0.00013,59227.15,0.00013,59292.74,0.00252,59221.99,0.00013,59292.97,0.00013,59216.03,0.00013,59294.92,0.00822,59210.07,0.00013,59298.91,0.00013,59204.11,0.00013,59304.14,0.00013,59200.0,0.00025,59304.85,0.00013,59198.15,0.00013,59310.79,0.00013,59197.39,0.00013,59316.73,0.00013,59192.19,0.00013,59322.66,0.00253,2024-07-13 23:59:56.457000
120,59263.71,0.00843,59263.72,0.00843,59257.75,0.00013,59274.35,0.00592,59253.72,0.00585,59274.36,0.00714,59253.71,0.00963,59275.11,0.00253,59251.79,0.00013,59275.15,0.00013,59245.83,0.00013,59279.3,0.0034,59239.87,0.00013,59280.36,0.00608,59237.71,0.01825,59280.37,0.01004,59237.7,0.03037,59281.09,0.00013,59233.91,0.00013,59283.34,0.00345,59227.95,0.00013,59287.03,0.00013,59227.15,0.00013,59292.74,0.00252,59221.99,0.00013,59292.97,0.00013,59216.03,0.00013,59294.92,0.00822,59210.07,0.00013,59298.91,0.00013,59204.11,0.00013,59304.14,0.00013,59200.0,0.00025,59304.84,0.00962,59198.15,0.00013,59304.85,0.00013,59197.39,0.00013,59310.79,0.00013,59192.19,0.00013,59316.73,0.00013,2024-07-13 23:59:56.557000
121,59263.71,0.00843,59263.72,0.00843,59257.75,0.00013,59274.35,0.00592,59253.72,0.00585,59274.36,0.00714,59253.71,0.00963,59275.11,0.00253,59251.79,0.00013,59275.15,0.00013,59245.83,0.00013,59279.3,0.0034,59239.87,0.00013,59280.36,0.00608,59237.71,0.01825,59280.37,0.01004,59237.7,0.03037,59281.09,0.00013,59233.91,0.00013,59283.34,0.00345,59227.95,0.00013,59287.03,0.00013,59227.15,0.00013,59292.74,0.00252,59221.99,0.00013,59292.97,0.00013,59216.03,0.00013,59294.92,0.00822,59210.07,0.00013,59298.91,0.00013,59204.11,0.00013,59304.14,0.00013,59200.0,0.00025,59304.83,0.00551,59198.15,0.00013,59304.84,0.00962,59197.39,0.00013,59304.85,0.00013,59192.19,0.00013,59310.79,0.00013,2024-07-13 23:59:56.657000
122,59263.71,0.00843,59263.72,0.00843,59257.75,0.00013,59274.35,0.00592,59253.72,0.00585,59274.36,0.00714,59253.71,0.00963,59275.11,0.00253,59251.79,0.00013,59275.15,0.00013,59245.83,0.00013,59279.3,0.0034,59239.87,0.00013,59280.36,0.00608,59237.71,0.01825,59280.37,0.01004,59237.7,0.03037,59281.09,0.00013,59233.91,0.00013,59283.34,0.00345,59227.95,0.00013,59287.03,0.00013,59227.15,0.00013,59292.74,0.00252,59221.99,0.00013,59292.97,0.00013,59216.03,0.00013,59294.91,0.00501,59210.07,0.00013,59294.92,0.00822,59204.11,0.00013,59298.91,0.00013,59200.0,0.00025,59304.14,0.00013,59198.15,0.00013,59304.83,0.00551,59197.39,0.00013,59304.84,0.00962,59192.19,0.00013,59304.85,0.00013,2024-07-13 23:59:56.757000
123,59263.71,0.00843,59263.72,0.00843,59257.75,0.00013,59274.35,0.00592,59253.72,0.00585,59274.36,0.00714,59251.79,0.00013,59275.11,0.00253,59245.83,0.00013,59275.15,0.00013,59239.87,0.00013,59279.3,0.0034,59237.71,0.01825,59280.36,0.00608,59237.7,0.03037,59280.37,0.01004,59233.91,0.00013,59281.09,0.00013,59227.95,0.00013,59283.34,0.00345,59227.15,0.00013,59287.03,0.00013,59221.99,0.00013,59292.74,0.00252,59216.03,0.00013,59292.97,0.00013,59210.07,0.00013,59294.91,0.00501,59204.11,0.00013,59294.92,0.00822,59200.0,0.00025,59298.91,0.00013,59198.15,0.00013,59304.14,0.00013,59197.39,0.00013,59304.83,0.00551,59192.19,0.00013,59304.84,0.00962,59190.34,0.00509,59304.85,0.00013,2024-07-13 23:59:56.857000
124,59263.71,0.00843,59263.72,0.00843,59257.75,0.00013,59274.35,0.00592,59252.59,0.00979,59274.36,0.00714,59251.79,0.00013,59275.11,0.00253,59245.83,0.00013,59275.15,0.00013,59239.87,0.00013,59279.3,0.0034,59237.71,0.01825,59280.36,0.00608,59237.7,0.03037,59280.37,0.01004,59233.91,0.00013,59281.09,0.00013,59227.95,0.00013,59283.34,0.00345,59227.15,0.00013,59287.03,0.00013,59221.99,0.00013,59292.74,0.00252,59216.03,0.00013,59292.97,0.00013,59210.07,0.00013,59294.91,0.00501,59204.11,0.00013,59294.92,0.00822,59200.0,0.00025,59298.91,0.00013,59198.15,0.00013,59304.14,0.00013,59197.39,0.00013,59304.83,0.00551,59192.19,0.00013,59304.84,0.00962,59190.34,0.00509,59304.85,0.00013,2024-07-13 23:59:56.957000
125,59263.71,0.00843,59263.72,0.00843,59257.75,0.00013,59273.77,0.01007,59252.6,0.00604,59274.35,0.00592,59252.59,0.00979,59274.36,0.00714,59251.79,0.00013,59275.11,0.00253,59245.83,0.00013,59275.15,0.00013,59239.87,0.00013,59279.3,0.0034,59237.71,0.01825,59280.36,0.00608,59237.7,0.03037,59280.37,0.01004,59233.91,0.00013,59281.09,0.00013,59227.95,0.00013,59283.34,0.00345,59227.15,0.00013,59287.03,0.00013,59221.99,0.00013,59292.74,0.00252,59216.03,0.00013,59292.97,0.00013,59210.07,0.00013,59294.91,0.00501,59204.11,0.00013,59294.92,0.00822,59200.0,0.00025,59298.91,0.00013,59198.15,0.00013,59304.14,0.00013,59197.39,0.00013,59304.83,0.00551,59192.19,0.00013,59304.84,0.00962,2024-07-13 23:59:57.057000
126,59263.71,0.00843,59263.72,0.00843,59257.75,0.00013,59273.76,0.00604,59252.6,0.00604,59273.77,0.01007,59252.59,0.00979,59274.36,0.00714,59251.79,0.00013,59275.11,0.00253,59245.83,0.00013,59275.15,0.00013,59239.87,0.00013,59279.3,0.0034,59237.71,0.01825,59280.36,0.00608,59237.7,0.03037,59280.37,0.01004,59233.91,0.00013,59281.09,0.00013,59227.95,0.00013,59283.34,0.00345,59227.15,0.00013,59287.03,0.00013,59221.99,0.00013,59292.74,0.00252,59216.03,0.00013,59292.97,0.00013,59210.07,0.00013,59294.91,0.00501,59204.11,0.00013,59294.92,0.00822,59200.0,0.00025,59298.91,0.00013,59198.15,0.00013,59304.14,0.00013,59197.39,0.00013,59304.83,0.00551,59192.19,0.00013,59304.84,0.00962,2024-07-13 23:59:57.157000
127,59263.71,0.00843,59263.72,0.00843,59257.75,0.00013,59273.76,0.00604,59252.6,0.00604,59273.77,0.01007,59252.59,0.00979,59274.36,0.00714,59251.79,0.00013,59275.11,0.00253,59245.83,0.00013,59275.15,0.00013,59239.87,0.00013,59279.3,0.0034,59237.71,0.01825,59280.36,0.00608,59237.7,0.03037,59280.37,0.01004,59233.91,0.00013,59281.09,0.00013,59227.95,0.00013,59283.34,0.00345,59227.15,0.00013,59287.03,0.00013,59221.99,0.00013,59292.74,0.00252,59216.03,0.00013,59292.97,0.00013,59210.07,0.00013,59294.91,0.00501,59204.11,0.00013,59294.92,0.00822,59200.0,0.00025,59298.91,0.00013,59198.15,0.00013,59304.14,0.00013,59197.39,0.00013,59304.83,0.00551,59192.19,0.00013,59304.84,0.00962,2024-07-13 23:59:57.257000
128,59263.71,0.00843,59263.72,0.00843,59257.75,0.00013,59273.76,0.00604,59252.6,0.00604,59273.77,0.01007,59252.59,0.00979,59274.36,0.00714,59251.79,0.00013,59275.11,0.00253,59245.83,0.00013,59275.15,0.00013,59239.87,0.00013,59279.3,0.0034,59237.71,0.01825,59280.36,0.00608,59237.7,0.03037,59280.37,0.01004,59233.91,0.00013,59281.09,0.00013,59227.95,0.00013,59283.34,0.00345,59227.15,0.00013,59287.03,0.00013,59221.99,0.00013,59292.74,0.00252,59216.03,0.00013,59292.97,0.00013,59210.07,0.00013,59294.91,0.00501,59204.11,0.00013,59294.92,0.00822,59200.0,0.00025,59298.91,0.00013,59198.15,0.00013,59304.14,0.00013,59197.39,0.00013,59304.83,0.00551,59192.19,0.00013,59304.84,0.00962,2024-07-13 23:59:57.357000
129,59263.71,0.00843,59263.72,0.00843,59257.75,0.00013,59273.76,0.00604,59252.6,0.00604,59273.77,0.01007,59251.79,0.00013,59274.36,0.00714,59245.83,0.00013,59275.11,0.00253,59239.87,0.00013,59275.15,0.00013,59237.71,0.01825,59279.3,0.0034,59237.7,0.03037,59280.36,0.00608,59233.91,0.00013,59280.37,0.01004,59227.95,0.00013,59281.09,0.00013,59227.15,0.00013,59283.34,0.00345,59221.99,0.00013,59287.03,0.00013,59216.03,0.00013,59292.74,0.00252,59210.07,0.00013,59292.97,0.00013,59204.11,0.00013,59294.91,0.00501,59200.0,0.00025,59294.92,0.00822,59198.15,0.00013,59298.91,0.00013,59197.39,0.00013,59304.14,0.00013,59192.19,0.00013,59304.83,0.00551,59190.34,0.00509,59304.84,0.00962,2024-07-13 23:59:58.558000
130,59263.71,0.00843,59263.72,0.00843,59257.75,0.00013,59273.76,0.00604,59251.79,0.00013,59273.77,0.01007,59251.65,0.01004,59274.36,0.00714,59245.83,0.00013,59275.11,0.00253,59239.87,0.00013,59275.15,0.00013,59237.71,0.01825,59279.3,0.0034,59237.7,0.03037,59280.36,0.00608,59233.91,0.00013,59280.37,0.01004,59227.95,0.00013,59281.09,0.00013,59227.15,0.00013,59283.34,0.00345,59221.99,0.00013,59287.03,0.00013,59216.03,0.00013,59292.74,0.00252,59210.07,0.00013,59292.97,0.00013,59204.11,0.00013,59294.91,0.00501,59200.0,0.00025,59294.92,0.00822,59198.15,0.00013,59298.91,0.00013,59197.39,0.00013,59304.14,0.00013,59192.19,0.00013,59304.83,0.00551,59190.34,0.00509,59304.84,0.00962,2024-07-13 23:59:58.658000
131,59263.71,0.00843,59263.72,0.01557,59257.75,0.00013,59273.75,0.00422,59251.79,0.00013,59273.76,0.00604,59251.66,0.00534,59273.77,0.01007,59245.83,0.00013,59275.11,0.00253,59239.87,0.00013,59275.15,0.00013,59237.7,0.03037,59279.3,0.0034,59233.91,0.00013,59280.36,0.00608,59227.95,0.00013,59280.37,0.01004,59227.15,0.00013,59281.09,0.00013,59221.99,0.00013,59283.34,0.00345,59216.03,0.00013,59287.03,0.00013,59210.07,0.00013,59292.74,0.00252,59204.11,0.00013,59292.97,0.00013,59200.0,0.00025,59294.91,0.00501,59198.15,0.00013,59294.92,0.00822,59197.39,0.00013,59298.91,0.00013,59192.19,0.00013,59304.14,0.00013,59190.34,0.00509,59304.83,0.00551,59190.33,0.0084,59304.84,0.00962,2024-07-13 23:59:58.758000
132,59263.71,0.00843,59263.72,0.01557,59257.75,0.00013,59273.75,0.00422,59251.79,0.00013,59273.76,0.00604,59250.64,0.00984,59273.77,0.01007,59245.83,0.00013,59275.11,0.00253,59239.87,0.00013,59275.15,0.00013,59237.71,0.01772,59279.3,0.0034,59237.7,0.03037,59280.36,0.00608,59233.91,0.00013,59280.37,0.01004,59227.95,0.00013,59281.09,0.00013,59227.15,0.00013,59283.34,0.00345,59221.99,0.00013,59287.03,0.00013,59216.03,0.00013,59292.74,0.00252,59210.07,0.00013,59292.97,0.00013,59204.11,0.00013,59294.91,0.00501,59200.0,0.00025,59294.92,0.00822,59198.15,0.00013,59298.91,0.00013,59197.39,0.00013,59304.14,0.00013,59192.19,0.00013,59304.83,0.00551,59190.34,0.00509,59304.84,0.00962,2024-07-13 23:59:58.858000
133,59263.71,0.00843,59263.72,0.01557,59257.75,0.00013,59273.75,0.00422,59251.79,0.00013,59273.76,0.00604,59250.65,0.00593,59273.77,0.01007,59250.64,0.00984,59275.11,0.00253,59245.83,0.00013,59275.15,0.00013,59239.87,0.00013,59279.3,0.0034,59237.71,0.01772,59280.36,0.00608,59237.7,0.03037,59280.37,0.01004,59233.91,0.00013,59281.09,0.00013,59227.95,0.00013,59283.34,0.00345,59227.15,0.00013,59287.03,0.00013,59221.99,0.00013,59292.74,0.00252,59216.03,0.00013,59292.97,0.00013,59210.07,0.00013,59294.91,0.00501,59204.11,0.00013,59294.92,0.00822,59200.0,0.00025,59298.91,0.00013,59198.15,0.00013,59304.14,0.00013,59197.39,0.00013,59304.83,0.00551,59192.19,0.00013,59304.84,0.00962,2024-07-13 23:59:58.958000
134,59263.71,0.00843,59263.72,0.01557,59257.75,0.00013,59267.72,0.01003,59251.79,0.00013,59273.75,0.00422,59250.65,0.00593,59273.76,0.00604,59250.64,0.00984,59273.77,0.01007,59245.83,0.00013,59275.11,0.00253,59239.87,0.00013,59275.15,0.00013,59237.71,0.01772,59279.3,0.0034,59237.7,0.03037,59280.36,0.00608,59233.91,0.00013,59281.09,0.00013,59227.95,0.00013,59283.34,0.00345,59227.15,0.00013,59287.03,0.00013,59221.99,0.00013,59292.74,0.00252,59216.03,0.00013,59292.97,0.00013,59210.07,0.00013,59294.91,0.00501,59204.11,0.00013,59294.92,0.00822,59200.0,0.00025,59298.91,0.00013,59198.15,0.00013,59304.14,0.00013,59197.39,0.00013,59304.83,0.00551,59192.19,0.00013,59304.84,0.00962,2024-07-13 23:59:59.258000
135,59263.71,0.00843,59263.72,0.01557,59257.75,0.00013,59267.71,0.01028,59251.79,0.00013,59267.72,0.01003,59250.65,0.00593,59273.77,0.01007,59250.64,0.00984,59275.11,0.00253,59245.83,0.00013,59275.15,0.00013,59239.87,0.00013,59279.3,0.0034,59237.71,0.01772,59281.09,0.00013,59237.7,0.03037,59283.34,0.00345,59233.91,0.00013,59287.03,0.00013,59227.95,0.00013,59292.74,0.00252,59227.15,0.00013,59292.97,0.00013,59221.99,0.00013,59294.91,0.00501,59216.03,0.00013,59294.92,0.00822,59210.07,0.00013,59298.91,0.00013,59204.11,0.00013,59304.14,0.00013,59200.0,0.00025,59304.83,0.00551,59198.15,0.00013,59304.84,0.00962,59197.39,0.00013,59304.85,0.00013,59192.19,0.00013,59310.79,0.00013,2024-07-13 23:59:59.358000
136,59263.71,0.00843,59263.72,0.01557,59257.75,0.00013,59267.7,0.00378,59251.79,0.00013,59267.71,0.00422,59250.65,0.00593,59267.72,0.01003,59250.64,0.00984,59273.77,0.01007,59245.83,0.00013,59275.11,0.00253,59239.87,0.00013,59275.15,0.00013,59237.71,0.01772,59279.3,0.0034,59237.7,0.03037,59281.09,0.00013,59233.91,0.00013,59283.34,0.00345,59227.95,0.00013,59287.03,0.00013,59227.15,0.00013,59292.74,0.00252,59221.99,0.00013,59292.97,0.00013,59216.03,0.00013,59294.91,0.00501,59210.07,0.00013,59294.92,0.00822,59204.11,0.00013,59298.91,0.00013,59200.0,0.00025,59304.14,0.00013,59198.15,0.00013,59304.83,0.00551,59197.39,0.00013,59304.84,0.00962,59192.19,0.00013,59304.85,0.00013,2024-07-13 23:59:59.458000
137,59263.71,0.00843,59263.72,0.01557,59257.75,0.00013,59267.69,0.00422,59251.79,0.00013,59267.7,0.00814,59250.65,0.00593,59267.72,0.01003,59250.64,0.00984,59273.77,0.01007,59245.83,0.00013,59275.11,0.00253,59239.87,0.00013,59275.15,0.00013,59237.71,0.01772,59279.3,0.0034,59237.7,0.03037,59281.09,0.00013,59233.91,0.00013,59283.34,0.00345,59227.95,0.00013,59287.03,0.00013,59227.15,0.00013,59292.74,0.00252,59221.99,0.00013,59292.97,0.00013,59216.03,0.00013,59294.91,0.00501,59210.07,0.00013,59294.92,0.00822,59204.11,0.00013,59298.91,0.00013,59200.0,0.00025,59304.14,0.00013,59198.15,0.00013,59304.83,0.00551,59197.39,0.00013,59304.84,0.00962,59192.19,0.00013,59304.85,0.00013,2024-07-13 23:59:59.558000
138,59263.71,0.00843,59263.72,0.01557,59257.75,0.00013,59267.68,0.00846,59251.79,0.00013,59267.69,0.00422,59250.65,0.00593,59267.72,0.01003,59250.64,0.00984,59273.77,0.01007,59245.83,0.00013,59275.11,0.00253,59239.87,0.00013,59275.15,0.00013,59237.71,0.01772,59279.3,0.0034,59237.7,0.03037,59281.09,0.00013,59233.91,0.00013,59283.34,0.00345,59227.95,0.00013,59287.03,0.00013,59227.15,0.00013,59292.74,0.00252,59221.99,0.00013,59292.97,0.00013,59216.03,0.00013,59294.91,0.00501,59210.07,0.00013,59294.92,0.00822,59204.11,0.00013,59298.91,0.00013,59200.0,0.00025,59304.14,0.00013,59198.15,0.00013,59304.83,0.00551,59197.39,0.00013,59304.84,0.00962,59192.19,0.00013,59304.85,0.00013,2024-07-13 23:59:59.658000
139,59263.71,0.00843,59263.72,0.01557,59257.75,0.00013,59267.67,0.00422,59251.79,0.00013,59267.68,0.00846,59250.65,0.00593,59267.72,0.01003,59250.64,0.00984,59273.77,0.01007,59245.83,0.00013,59275.11,0.00253,59239.87,0.00013,59275.15,0.00013,59237.71,0.01772,59279.3,0.0034,59237.7,0.03037,59281.09,0.00013,59233.91,0.00013,59283.34,0.00345,59227.95,0.00013,59287.03,0.00013,59227.15,0.00013,59292.74,0.00252,59221.99,0.00013,59292.97,0.00013,59216.03,0.00013,59294.91,0.00501,59210.07,0.00013,59294.92,0.00822,59204.11,0.00013,59298.91,0.00013,59200.0,0.00025,59304.14,0.00013,59198.15,0.00013,59304.83,0.00551,59197.39,0.00013,59304.84,0.00962,59192.19,0.00013,59304.85,0.00013,2024-07-13 23:59:59.758000
